% bibliography file for my work for NATHAN.
%
% Journals names (abbreviated)
%
% last update, 21 april 09



@string{acpd = "Atmos. Chem. Phys. Discuss."}
@string{acp = "Atmos. Chem. Phys."}
@string{ae = "Atmos. Env."}
@string{amm = "App.  Math. Mod."}
@string{bams = "Bull. Am. Met. Soc."}
@string{eos = "Eos, Trans."}
@string{grl = "Geophys. Res. Lett."}
@string{gji = "Geophys. J. Int."}
@string{jam = "J. Applied Met."}
@string{jas = "J. Atmos. Sci."}
@string{jasa = "J. Acoust. Soc. Am."}
@string{jcam = "J. Clim. App. Met."}
@string{jclim = "J. Clim."}
@string{jd = "J. Geod."}
@string{jfm = "J. Fluid Mech."}
@string{jgr = "J. Geophys. Res."}
@string{jg = "J. Geodyn."}
@string{jgeod = "J. Geodesy."}
@string{jmsj = "J. Met. Soc. Japan"}
@string{jpamg = "J. Phys. A. Math. Gen."}
@string{jpo = "J. Phys. Ocean."}
@string{mwr = "Mon. Wea. Rev."}
@string{mtsj = "Mar. Tech. Soc. J."}
@string{nat = "Nature"}
@string{om = "Ocean Mod."}
@string{philtran = "Phil. Trans. Roy. Soc. London"}
@string{pf = "Phys. Fluids"}
@string{pfa = "Phys. Fluids A"}
@string{prl = "Phys. Rev. Lett."}
@string{pre = "Phys. Rev. E"}
@string{prsl = "Proc. Roy. Soc. London"}
@string{quart = "Quart. J. Roy. Meteorol. Soc."}
@string{rsta = "Phil. Trans R. Soc."}
@string{rg = "Rev. Geophys."}


@ARTICLE{anderson2001,
        AUTHOR = "Jeffrey L. Anderson",
        TITLE = "An ensemble adjustment filter for data assimilation",
        JOURNAL = mwr,
        PAGES = {2884-2903},
        VOLUME = {129},
        YEAR = 2001,
                }

@ARTICLE{andersoncollins2006,
        author = {Jeffrey L. Anderson and Nancy Collins},
        journal = jaot,
        pages = {1452-1463},
        title = {Scalable Implementations of Ensemble Filter Algorithms for Data Assimilation},
        volume = {24},
        year = {2006}
}

@ARTICLE{andersonetal2009,
        author = {Jeffrey Anderson and Tim Hoar and Kevin Raeder and Hui Lui and Nancy Collins and Ryan Torn and Avelino Avellano},
        journal = bams,
        pages = {1283-1296},
        title = {The Data Assimilation Research Testbed: {A} Community Facility},
        doi = {10.1175/2009BAMS2816.1},
        year = {2009}
}

@article{Dirren2005,
	author = {Dirren, S\'{e}bastien and Hakim, Gregory J.},
	doi = {10.1029/2004GL021444},
	issn = {0094-8276},
	journal = grl,
	mendeley-groups = {DA},
	number = {4},
	pages = {L04804},
	title = {{Toward the assimilation of time-averaged observations}},
	url = {http://www.agu.org/pubs/crossref/2005/2004GL021444.shtml},
	volume = {32},
	year = {2005}
}


@ARTICLE{evensen2003,
        AUTHOR = "Geir Evensen",
        TITLE = "The ensemble {K}alman filter: theoretical formulation and practical implementation",
        JOURNAL = "Ocean Dynamics",
        PAGES = {343-367},
        VOLUME = {53},
        YEAR = 2003,
                }

@article{Errico2012,
	author = {Errico, Ronald M. and Yang, Runhua and Priv\'{e}, Nikki C. and Tai, King-Sheng and Todling, Ricardo and Sienkiewicz, Meta E. and Guo, Jing},
	doi = {10.1002/qj.2027},
	issn = {00359009},
	journal = {Quarterly Journal of the Royal Meteorological Society},
	month = oct,
	number = {July},
	title = {{Development and validation of observing-system simulation experiments at NASA's Global Modeling and Assimilation Office}},
	year = {2012}
}


@ARTICLE{errico1997,
        AUTHOR = "Ronald M. Errico",
        TITLE = "What Is an Adjoint Model?",
        JOURNAL = bams,
        PAGES = {2577-2591},
        VOLUME = {78},
        YEAR = 1997,
                }

@BOOK{kalnay2002,
        AUTHOR = {Eugenia Kalnay},
        TITLE = {Atmospheric Modeling, Data Assimilation and Predictability},
        PAGES = {364},
	PUBLISHER = {Cambridge University Press},
        YEAR = 2002,
                }

@ARTICLE{milleretal1994,
        author = {R.N. Miller and M. Ghil and F. Gauthiez},
        journal = jas,
        pages = {1037-1056},
        title = {Advanced data assimilation in strongly nonlinear dynamical systems},
        volume = {51},
        number = {8},
        year = {1994}
}

@ARTICLE{neefetal2006,
        author = {Lisa J. Neef and Saroja M. Polavarapu and Theodore G. Shepherd},
        journal = jas,
        pages = {1840-1858},
        title = {Four-dimensional data assimilation and balanced dynamics},
        volume = {63},
        number = {7},
        year = {2006}
}

@ARTICLE{neefetal2009,
        author = {Lisa J. Neef and Saroja M. Polavarapu and Theodore G. Shepherd},
        journal = jas,
        pages = {1717-1734},
        title = {A low-order model investigation of the analysis of gravity waves in the ensemble {K}alman filter},
        volume = {66},
        number = {6},
        year = {2009}
}

@PHDTHESIS{neefthesis,
        author = {Lisa J. Neef},
        title = {Balance Dynamics and Gravity Waves in Four-Dimensional Data Assimilation},
        school = {University of Toronto},
	type = {Ph.D. Thesis},
	address = {Toronto, Ontario, Canada},
        year = {2007}
}

@article{Nerger2013,
	author = {Nerger, Lars and Hiller, Wolfgang},
	doi = {10.1016/j.cageo.2012.03.026},
	issn = {00983004},
	journal = {Computers \& Geosciences},
	keywords = {Data assimilation,Kalman filter,Parallelization},
	month = jun,
	pages = {110--118},
	publisher = {Elsevier},
	title = {{Software for ensemble-based data assimilation systemsâ€”Implementation
		strategies and scalability}},
	url = {http://linkinghub.elsevier.com/retrieve/pii/S0098300412001215},
	volume = {55},
	year = {2013}
}


@ARTICLE{pham2001,
        AUTHOR = "Dinh Tuan Pham",
        TITLE = "Stochastic methods for sequential data assimilation in strongly nonlinear systems",
        JOURNAL = mwr,
        VOLUME = {129},
        PAGES = {1194-1207},
        YEAR = 2001,
                }

@ARTICLE{pincusetal2010,
        author = {Robert Pincus and Robert J. Patrick Hofmann and Jeffrey L. Anderson and Kevin Raeder and Nancy Collins and Jeffrey S. Whitaker},
        journal = mwr,
        pages = {"in press"},
        title = {Can fully accounting for clouds in data assimilation improve short-term forecasts by global models?},
        volume = {},
        number = {},
        year = {2010}
}

@article{Polavarapu2005,
	author = {Polavarapu, Saroja and Ren, Shuzhan and Rochon, Yves and Sankey, David
		and Ek, Nils and Koshyk, John and Tarasick, David},
	doi = {10.3137/ao.430105},
	issn = {0705-5900},
	journal = {Atmosphere-Ocean},
	month = mar,
	number = {1},
	pages = {77--100},
	title = {{Data assimilation with the Canadian middle atmosphere model}},
	volume = {43},
	year = {2005}
}


@article{priveetal2012,
        author = {Prive, N.C. and Errico, R.M. and Tai, K.-S.},
        doi = {10.1002/qj.2029},
        journal = qjrms,
        title = {{Validation of the forecast skill of the Global Modeling and Assimilation Office Observing System Simulation Experiment}},
        year = {2012}
}


@ARTICLE{tippett2002,
        AUTHOR = "Michael K. Tippett",
        TITLE = "Ensemble Square Root Filters",
        JOURNAL = mwr,
        VOLUME = {131},
        PAGES = {1485-1490},
        YEAR = 2002,
                }

@ARTICLE{vanleeuwen2009,
        author = {Peter Jan van Leeuwen},
        journal = mwr,
        pages = {4089-4114},
        title = {Particle Filtering in Geophysical Systems},
        volume = {137},
        year = {2009}
}

@ARTICLE{whitakerhamill2002,
        author = {Jeffrey S. Whitaker and Thomas M. Hamill},
        journal = mwr,
        pages = {1913-1924},
        title = {Ensemble Data Assimilation without Perturbed Observations},
        volume = {130},
        year = {2002}
}

@ARTICLE{zagaretal2011,
        author = {N. \v{Za}gar and J. Tribbia and J.L. Anderson and K. Raeder},
        journal = mwr,
        pages = {``in press''},
        title = {Balance of the background-error variances in the ensemble assimilation system {DART}/{CAM}},
        doi = {10.1175/2011MWR3477.1},
        year = {2011}
}




