% bibliography file for my work for NATHAN.
%
% Journals names (abbreviated)
%
% last update, 21 april 09



@string{acpd = "Atmos. Chem. Phys. Discuss."}
@string{acp = "Atmos. Chem. Phys."}
@string{ae = "Atmos. Env."}
@string{amm = "App.  Math. Mod."}
@string{bams = "Bull. Am. Met. Soc."}
@string{eos = "Eos, Trans."}
@string{grl = "Geophys. Res. Lett."}
@string{gji = "Geophys. J. Int."}
@string{jam = "J. Applied Met."}
@string{jas = "J. Atmos. Sci."}
@string{jasa = "J. Acoust. Soc. Am."}
@string{jcam = "J. Clim. App. Met."}
@string{jclim = "J. Clim."}
@string{jd = "J. Geod."}
@string{jfm = "J. Fluid Mech."}
@string{jgr = "J. Geophys. Res."}
@string{jg = "J. Geodyn."}
@string{jgeod = "J. Geodesy."}
@string{jmsj = "J. Met. Soc. Japan"}
@string{jpamg = "J. Phys. A. Math. Gen."}
@string{jpo = "J. Phys. Ocean."}
@string{mwr = "Mon. Wea. Rev."}
@string{mtsj = "Mar. Tech. Soc. J."}
@string{nat = "Nature"}
@string{om = "Ocean Mod."}
@string{philtran = "Phil. Trans. Roy. Soc. London"}
@string{pf = "Phys. Fluids"}
@string{pfa = "Phys. Fluids A"}
@string{prl = "Phys. Rev. Lett."}
@string{pre = "Phys. Rev. E"}
@string{prsl = "Proc. Roy. Soc. London"}
@string{qjrms= "Quart. J. Roy. Meteorol. Soc."}
@string{rsta = "Phil. Trans R. Soc."}
@string{rg = "Rev. Geophys."}


@article{Kursinski1997,
	author = {Kursinski, E. R. and Hajj, G. A. and Schofield, J. T. and Linfield, R. P. and Hardy, K. R.},
	journal = {Journal of Geophysical Research},
	number = {97},
	pages = {23429--23465},
	title = {{Observing Earth ' s atmosphere with radio occultation measurements using the Global Positioning System}},
	volume = {102},
	year = {1997}
}

@article{Pedatella2013,
	author = {Pedatella, N. M. and Raeder, K. and Anderson, J. L. and Liu, H.-L.},
	doi = {10.1002/grl.50884},
	issn = {00948276},
	journal = {Geophysical Research Letters},
	month = aug,
	number = {16},
	pages = {4469--4474},
	title = {{Application of data assimilation in the Whole Atmosphere Community Climate Model to the study of day-to-day variability in the middle and upper atmosphere}},
	url = {http://doi.wiley.com/10.1002/grl.50884},
	volume = {40},
	year = {2013}
}

@article{Bonavita2013,
        author = {Bonavita, Massimo},
        doi = {10.1002/qj.2320},
        issn = {00359009},
        journal = {Quarterly Journal of the Royal Meteorological Society},
        month = dec,
        pages = {In press.},
        title = {{On some aspects of the impact of GPSRO observations in Global Numerical Weather Prediction}},
        url = {http://doi.wiley.com/10.1002/qj.2320},
        year = {2013}
}

@article{Reichler2012,
        author = {Reichler, Thomas and Kim, Junsu and Manzini, Elisa and Kr\"{o}ger, J\"{u}rgen},
        doi = {10.1038/ngeo1586},
        issn = {1752-0894},
        journal = {Nature Geoscience},
        month = sep,
        number = {11},
        pages = {783--787},
        publisher = {Nature Publishing Group},
        title = {{A stratospheric connection to Atlantic climate variability}},
        url = {http://www.nature.com/doifinder/10.1038/ngeo1586},
        volume = {5},
        year = {2012}
}


@ARTICLE{Anderson2001,
        AUTHOR = "Jeffrey L. Anderson",
        TITLE = "An ensemble adjustment filter for data assimilation",
        JOURNAL = mwr,
        PAGES = {2884-2903},
        VOLUME = {129},
        YEAR = 2001,
                }

@ARTICLE{andersoncollins2006,
        author = {Jeffrey L. Anderson and Nancy Collins},
        journal = jaot,
        pages = {1452-1463},
        title = {Scalable Implementations of Ensemble Filter Algorithms for Data Assimilation},
        volume = {24},
        year = {2006}
}

@ARTICLE{Anderson2009,
        author = {Jeffrey Anderson and Tim Hoar and Kevin Raeder and Hui Lui and Nancy Collins and Ryan Torn and Avelino Avellano},
        journal = bams,
        pages = {1283-1296},
        title = {The Data Assimilation Research Testbed: {A} Community Facility},
        doi = {10.1175/2009BAMS2816.1},
        year = {2009}
}

@article{Dirren2005,
	author = {Dirren, S\'{e}bastien and Hakim, Gregory J.},
	doi = {10.1029/2004GL021444},
	issn = {0094-8276},
	journal = grl,
	mendeley-groups = {DA},
	number = {4},
	pages = {L04804},
	title = {{Toward the assimilation of time-averaged observations}},
	url = {http://www.agu.org/pubs/crossref/2005/2004GL021444.shtml},
	volume = {32},
	year = {2005}
}


@ARTICLE{evensen2003,
        AUTHOR = "Geir Evensen",
        TITLE = "The ensemble {K}alman filter: theoretical formulation and practical implementation",
        JOURNAL = "Ocean Dynamics",
        PAGES = {343-367},
        VOLUME = {53},
        YEAR = 2003,
                }

@article{Errico2012,
	author = {Errico, Ronald M. and Yang, Runhua and Priv\'{e}, Nikki C. and Tai, King-Sheng and Todling, Ricardo and Sienkiewicz, Meta E. and Guo, Jing},
	doi = {10.1002/qj.2027},
	issn = {00359009},
	journal = {Quarterly Journal of the Royal Meteorological Society},
	month = oct,
	number = {July},
	title = {{Development and validation of observing-system simulation experiments at NASA's Global Modeling and Assimilation Office}},
	year = {2012}
}


@ARTICLE{errico1997,
        AUTHOR = "Ronald M. Errico",
        TITLE = "What Is an Adjoint Model?",
        JOURNAL = bams,
        PAGES = {2577-2591},
        VOLUME = {78},
        YEAR = 1997,
                }

@BOOK{kalnay2002,
        AUTHOR = {Eugenia Kalnay},
        TITLE = {Atmospheric Modeling, Data Assimilation and Predictability},
        PAGES = {364},
	PUBLISHER = {Cambridge University Press},
        YEAR = 2002,
                }

@ARTICLE{milleretal1994,
        author = {R.N. Miller and M. Ghil and F. Gauthiez},
        journal = jas,
        pages = {1037-1056},
        title = {Advanced data assimilation in strongly nonlinear dynamical systems},
        volume = {51},
        number = {8},
        year = {1994}
}

@ARTICLE{Neef2006,
        author = {Lisa J. Neef and Saroja M. Polavarapu and Theodore G. Shepherd},
        journal = jas,
        pages = {1840-1858},
        title = {Four-dimensional data assimilation and balanced dynamics},
        volume = {63},
        number = {7},
        year = {2006}
}

@ARTICLE{Neef2009,
        author = {Lisa J. Neef and Saroja M. Polavarapu and Theodore G. Shepherd},
        journal = jas,
        pages = {1717-1734},
        title = {A low-order model investigation of the analysis of gravity waves in the ensemble {K}alman filter},
        volume = {66},
        number = {6},
        year = {2009}
}

@PHDTHESIS{neefthesis,
        author = {Lisa J. Neef},
        title = {Balance Dynamics and Gravity Waves in Four-Dimensional Data Assimilation},
        school = {University of Toronto},
	type = {Ph.D. Thesis},
	address = {Toronto, Ontario, Canada},
        year = {2007}
}

@article{Nerger2013,
	author = {Nerger, Lars and Hiller, Wolfgang},
	doi = {10.1016/j.cageo.2012.03.026},
	issn = {00983004},
	journal = {Computers \& Geosciences},
	keywords = {Data assimilation,Kalman filter,Parallelization},
	month = jun,
	pages = {110--118},
	publisher = {Elsevier},
	title = {{Software for ensemble-based data assimilation systemsâ€”Implementation
		strategies and scalability}},
	url = {http://linkinghub.elsevier.com/retrieve/pii/S0098300412001215},
	volume = {55},
	year = {2013}
}


@ARTICLE{pham2001,
        AUTHOR = "Dinh Tuan Pham",
        TITLE = "Stochastic methods for sequential data assimilation in strongly nonlinear systems",
        JOURNAL = mwr,
        VOLUME = {129},
        PAGES = {1194-1207},
        YEAR = 2001,
                }

@ARTICLE{pincusetal2010,
        author = {Robert Pincus and Robert J. Patrick Hofmann and Jeffrey L. Anderson and Kevin Raeder and Nancy Collins and Jeffrey S. Whitaker},
        journal = mwr,
        pages = {"in press"},
        title = {Can fully accounting for clouds in data assimilation improve short-term forecasts by global models?},
        volume = {},
        number = {},
        year = {2010}
}

@article{Polavarapu2005,
	author = {Polavarapu, Saroja and Ren, Shuzhan and Rochon, Yves and Sankey, David
		and Ek, Nils and Koshyk, John and Tarasick, David},
	doi = {10.3137/ao.430105},
	issn = {0705-5900},
	journal = {Atmosphere-Ocean},
	month = mar,
	number = {1},
	pages = {77--100},
	title = {{Data assimilation with the Canadian middle atmosphere model}},
	volume = {43},
	year = {2005}
}


@article{priveetal2012,
        author = {Prive, N.C. and Errico, R.M. and Tai, K.-S.},
        doi = {10.1002/qj.2029},
        journal = qjrms,
        title = {{Validation of the forecast skill of the Global Modeling and Assimilation Office Observing System Simulation Experiment}},
        year = {2012}
}


@ARTICLE{tippett2002,
        AUTHOR = "Michael K. Tippett",
        TITLE = "Ensemble Square Root Filters",
        JOURNAL = mwr,
        VOLUME = {131},
        PAGES = {1485-1490},
        YEAR = 2002,
                }

@ARTICLE{vanleeuwen2009,
        author = {Peter Jan van Leeuwen},
        journal = mwr,
        pages = {4089-4114},
        title = {Particle Filtering in Geophysical Systems},
        volume = {137},
        year = {2009}
}

@ARTICLE{whitakerhamill2002,
        author = {Jeffrey S. Whitaker and Thomas M. Hamill},
        journal = mwr,
        pages = {1913-1924},
        title = {Ensemble Data Assimilation without Perturbed Observations},
        volume = {130},
        year = {2002}
}

@ARTICLE{zagaretal2011,
        author = {N. \v{Za}gar and J. Tribbia and J.L. Anderson and K. Raeder},
        journal = mwr,
        pages = {``in press''},
        title = {Balance of the background-error variances in the ensemble assimilation system {DART}/{CAM}},
        doi = {10.1175/2011MWR3477.1},
        year = {2011}
}




@inproceedings{Neef2004,
	author = {Neef, Lisa},
	booktitle = {Proceedings, 2004 Program in Geophysical Fluid Dynamics},
	file = {:home/lneef/Dropbox/NATHAN/Reprints/Neef2004.pdf:pdf},
	publisher = {Woods Hole Oceanographic Institution},
	title = {{Triad Resonance as a Mechanism for Internal Wave Dissipation Resonant Triad Model of Weakly Nonlinear Interactions}},
	url = {http://www.whoi.edu/page.do?pid=13015},
	year = {2004}
}




@article{Neef2012,
	author = {Neef, Lisa J. and Matthes, Katja},
	doi = {10.1029/2011JD016555},
	issn = {0148-0227},
	journal = {Journal of Geophysical Research},
	month = jan,
	number = {D2},
	pages = {D02107},
	title = {{Comparison of Earth rotation excitation in data-constrained and unconstrained atmosphere models}},
	url = {http://www.agu.org/pubs/crossref/2012/2011JD016555.shtml},
	volume = {117},
	year = {2012}
}

@article{Neef2009,
	author = {Neef, Lisa J. and Polavarapu, Saroja M. and Shepherd, Theodore G.},
	doi = {10.1175/2008JAS2585.1},
	file = {:home/lneef/.local/share/data/Mendeley Ltd./Mendeley Desktop/Downloaded/Neef, Polavarapu, Shepherd - 2009 - A Low-Order Model Investigation of the Analysis of Gravity Waves in the Ensemble Kalman Filter.pdf:pdf},
	issn = {0022-4928},
	journal = {Journal of the Atmospheric Sciences},
	month = jun,
	number = {6},
	pages = {1717--1734},
	title = {{A Low-Order Model Investigation of the Analysis of Gravity Waves in the Ensemble Kalman Filter}},
	url = {http://journals.ametsoc.org/doi/abs/10.1175/2008JAS2585.1},
	volume = {66},
	year = {2009}
}

@article{Neef2006,
author = {Neef, Lisa J. and Polavarapu, Saroja M. and Shepherd, Theodore G.},
file = {:home/lneef/.local/share/data/Mendeley Ltd./Mendeley Desktop/Downloaded/Neef, Polavarapu, Shepherd - 2006 - Four-Dimensional Data Assimilation and Balanced Dynamics.pdf:pdf},
journal = {Journal of the Atmospheric Sciences},
pages = {1840--1858},
title = {{Four-Dimensional Data Assimilation and Balanced Dynamics}},
volume = {63},
year = {2006}
}

@article{Neef2010,
	author = {Neef, Lisa and van Weele, Michiel and van Velthoven, Peter},
	doi = {10.1029/2009GB003661},
	file = {:home/lneef/.local/share/data/Mendeley Ltd./Mendeley Desktop/Downloaded/Neef, van Weele, van Velthoven - 2010 - Optimal estimation of the present-day global methane budget.pdf:pdf},
	issn = {0886-6236},
	journal = {Global Biogeochemical Cycles},
	month = dec,
	number = {4},
	pages = {1--10},
	title = {{Optimal estimation of the present-day global methane budget}},
	url = {http://www.agu.org/pubs/crossref/2010/2009GB003661.shtml},
	volume = {24},
	year = {2010}
}


@article{Spahni2011,
	author = {Spahni, R. and Wania, R. and Neef, L. and van Weele, M. and Pison, I. and Bousquet, P. and Frankenberg, C. and Foster, P. N. and Joos, F. and Prentice, I. C. and van Velthoven, P.},
	doi = {10.5194/bg-8-1643-2011},
	issn = {1726-4189},
	journal = {Biogeosciences},
	month = jun,
	number = {6},
	pages = {1643--1665},
	title = {{Constraining global methane emissions and uptake by ecosystems}},
	url = {http://www.biogeosciences.net/8/1643/2011/},
	volume = {8},
	year = {2011}
}
@article{Wang2013,
	author = {Wang, Wuke and Matthes, Katja and Schmidt, Torsten and Neef, Lisa},
	doi = {10.1002/2013GL058350},
	file = {:home/lneef/Dropbox/NATHAN/Reprints/wangetal2013.pdf:pdf},
	issn = {00948276},
	journal = {Geophysical Research Letters},
	month = nov,
	pages = {6308--6313},
	title = {{Recent variability of the tropical tropopause inversion layer}},
	url = {http://doi.wiley.com/10.1002/2013GL058350},
	volume = {40},
	year = {2013}
}


@article{Neef2014,
	author = {Neef, Lisa and Walther, Sophia and Matthes, Katja and Kodera, Kunihiko},
	journal = jgr,
	note = {In press.},
	title = {{Observations of Stratospheric Sudden Warmings in Earth Rotation Variations}},
	year = {2014}
}

@ARTICLE{abarcadelrio1999,
        author = {R. {Abarca del Rio}},
        journal = {"Ann. Geophys."},
        pages = {806-811},
        title = {The influence of global warming in {E}arth rotation speed},
        volume = {17},
        year = {1999}
}

@ARTICLE{abarcadelrio2003,
        author = {R. {Abarca del Rio} and D. Gambis and D. Salstein and P. Nelson and A. Dai},
        journal = jd,
        pages = {423-443},
        title = {Solar activity and earth rotation variability},
        volume = {36},
        year = {2003}
}

@ARTICLE{andersoncollins2006,
        author = {Jeffrey L. Anderson and Nancy Collins},
        journal = jaot,
        pages = {1452-1463},
        title = {Scalable Implementations of Ensemble Filter Algorithms for Data Assimilation},
        volume = {24},
        year = {2006}
}


@ARTICLE{anderson2012,
        author = {Jeffrey L. Anderson},
        journal = mwr,
        title = {Localization and Sampling Error Correction in Ensemble {K}alman Filter Data Assimilation},
        note = {in press.},
        year = {2012}
}

@ARTICLE{andersonrosen1983,
        author = {John R. Anderson and Richard D. Rosen},
        journal = jas,
        pages = {1584-1591},
        title = {The Latitude-Height Structure of the 40-50 Day Variation in Atmospheric Angular Momentum},
        volume = {40},
        year = {1983}
}

@ARTICLE{annanetal2005,
        author = {J.D. Annan and J.C. Hargreaves and N.R. Edwards and R. Marsh},
        journal = om,
        pages = {135-154},
        title = {Parameter estimation in an intermediate complexity earth system model using an ensemble {K}alman filter},
        volume = {8},
        year = {2004}
}

@ARTICLE{aoyamanaito2000,
        author = {Yuichi Aoyama and Isao Naito},
        journal = jgr,
        pages = {12417-12431},
        title = {Wind contributions to the Earth's angular momentum budgets in seasonal variation},
        volume = {105},
        year = {2000}
}

@article{Anthes2008,
	author = {Anthes, R. A. and Ector, D. and Hunt, D. C. and Kuo, Y-H. and Rocken, C. and Schreiner, W. S. and Sokolovskiy, S. V. and Syndergaard, S. and Wee, T-K. and Zeng, Z. and Bernhardt, P. a. and Dymond, K. F. and Chen, Y. and Liu, H. and Manning, K. and Randel, W. J. and Trenberth, K. E. and Cucurull, L. and Healy, S. B. and Ho, S-P. and McCormick, C. and Meehan, T. K. and Thompson, D. C. and Yen, N. L.},
	doi = {10.1175/BAMS-89-3-313},
	issn = {0003-0007},
	journal = {Bulletin of the American Meteorological Society},
	month = mar,
	number = {3},
	pages = {313--333},
	title = {{The COSMIC/FORMOSAT-3 Mission: Early Results}},
	volume = {89},
	year = {2008}
}


@ARTICLE{barnesetal1983,
        author = {R.T.H. Barnes and R. Hide and F.R.S. and A.A. White and C.A. Wilson},
        journal = prsl,
        pages = {31-73},
        title = {Atmospheric angular momentum fluctuations, length-of-day changes and polar motion},
        volume = {387},
        year = {1983}
}

@ARTICLE{bizouardseoane2010,
        author = {Christian Bizouard and L. Seoane},
        journal = jgeod,
        pages = {19-30},
        title = {Atmospheric and oceanic forcing of the rapid polar motion},
        volume = {19},
        year = {2010}
}

@ARTICLE{boer1990,
        author = {G.J. Boer},
        journal = jgr,
        pages = {5511-5531},
        title = {Earth-atmosphere exchange of angular momentum simulated in a general circulation model and implications for the length of day},
        volume = {95},
        year = {1990}
}

@techreport{Bosilovich2012,
	author = {Bosilovich, Michael G and Kennedy, John and Dee, Dick and Allan, Rob and Neill, Alan O},
	institution = {WCRP Position Paper, Version 2.2},
	title = {{On the Reprocessing and Reanalysis of Observations for Climate}},
	volume = {1},
	year = {2012}
}


@TECHREPORT{ccmval,
        editor = {Veronika Eyring and Ted G. Shepherd and Darryn W. Waugh},
        title = {{SPARC} Report on the Evaluation of Chemistry-Climate Models },
        author = {{SPARC CCMVal}},
        institution = {{SPARC CCMVal}},
        type = {SPARC Report},
        number = {5, WCRP-132, WMO/TD-No. 1526},
        address = {http://www.atmosp.physics.utoronto.ca/SPARC},
        year = {2010}
}


@ARTICLE{celayaetal1999,
        author = {Michael A. Celaya and John M. Wahr and Frank O. Bryan},
        journal = jgr,
        pages = {12813-12829},
        title = {Climate-driven polar motion},
        volume = {104},
        year = {1999}
}

@ARTICLE{chao1988,
        author = {Fong Chao},
        journal = jgr,
        pages = {13811-13819},
        title = {Excitation of the {E}arth's Polar Motion due to Mass Variations in Major Hydrological Reservoirs},
        volume = {93},
        year = {1988}
}

@ARTICLE{chao1989,
        author = {Fong Chao},
        journal = "Science",
        pages = {923-925},
        title = {Length-of-Day Variations Caused by {El} {Ni{\~n}o}--{S}outhern {O}scillation and Quasi-Biennial Oscillation},
        volume = {243},
        year = {1989}
}

@ARTICLE{chao_au1991,
        author = {B.Fong Chao and Andrew Y. Au},
        journal = jgr,
        pages = {6577-6582},
        title = {Atmospheric Excitation of the {E}arth's Annual Wobble: 1980-1988},
        volume = {B4},
        year = {1991}
}

@ARTICLE{chaoetal1996,
        author = {B.F. Chao and R.D. Ray and J.M. Gipson and G.D. Egpert and C. Ma},
        journal = jgr,
        pages = {20151-20163},
        title = {Diurnal/semidiurnal polar motion excited by oceanic tidal angular momentum},
        volume = {101},
        year = {1996}
}

@ARTICLE{chaozhou1999,
        author = {B.F. Chao and Yong-Hong Zhou},
        journal = jg,
        pages = {61-73},
        title = {Meteorological excitation of interannual polar motion by the {N}orth {A}tlantic {O}scillation},
        volume = {27},
        year = {1999}
}

@ARTICLE{chaoetal2000,
        author = {B.F. Chao and V. Dehant and R.S. Gross and R.D. Ray and D.A. Salstein and M.M. Watkins and C.R. Wilson},
        journal = eos,
        pages = {247,249-250},
        title = {Space geodesy monitors mass transports in global geophysical fluids},
        volume = {81},
        year = {2000}
}


@ARTICLE{chen2005,
        author = {Jianli Chen},
        journal = jgr,
        pages = {B08404},
        title = {Global mass balance and the length-of-day variation},
        volume = {110},
        year = {2005}
}

@ARTICLE{chenetal2004,
        author = {Dake Chen and Mark A. Cane and Alexey Kaplan and Stephen E. Zebiak and Daji Huang },
        journal = nat,
        month = {April},
        pages = {733-735},
        title = {Predictability of {El} {Ni{\~n}o} over the last 148 Years},
        volume = {428},
        year = {2004}
}

@ARTICLE{chenshen2010,
        author = {Wei Chen and WenBin Shen},
        journal = jgr,
        pages = {B12419},
        title = {New estimates of the inertia tensor and rotation of the triaxial nonrigid Earth},
        volume = {115},
        year = {2010}
}

@ARTICLE{cohenjohnes2011,
        author = {Judah Cohen and Justin Jones},
        journal = jclim,
        note = {in press.},
        title = {Tropospheric precursors and stratospheric warmings},
        year = {2011}
}

@ARTICLE{cortietal1999,
        author = {S. Corti and F. Molteni and T.N. Palmer},
        journal = nat,
        pages = {799-398},
        title = {Signature of recent climate change in frequencies of natural atmospheric circulation regimes},
        volume = {398},
        year = {1999}
}

@article{Dee2011,
	author = {Dee, D. P. and Uppala, S. M. and Simmons, A. J. and Berrisford, P. and Poli, P. and Kobayashi, S. and Andrae, U. and Balmaseda, M. a. and Balsamo, G. and Bauer, P. and Bechtold, P. and Beljaars, a. C. M. and van de Berg, L. and Bidlot, J. and Bormann, N. and Delsol, C. and Dragani, R. and Fuentes, M. and Geer, a. J. and Haimberger, L. and Healy, S. B. and Hersbach, H. and H\'{o}lm, E. V. and Isaksen, L. and K\aa llberg, P. and K\"{o}hler, M. and Matricardi, M. and McNally, a. P. and Monge-Sanz, B. M. and Morcrette, J.-J. and Park, B.-K. and Peubey, C. and de Rosnay, P. and Tavolato, C. and Th\'{e}paut, J.-N. and Vitart, F.},
	doi = {10.1002/qj.828},
	journal = qjrms,
	month = apr,
	number = {656},
	pages = {553--597},
	title = {{The ERA-Interim reanalysis: configuration and performance of the data assimilation system}},
	volume = {137},
	year = {2011}
}

@article{Dee2005,
        author = {Dee, D. P.},
        doi = {10.1256/qj.05.137},
        issn = {00359009},
        journal = qjrms,
        month = oct,
        number = {613},
        pages = {3323--3343},
        title = {{Bias and data assimilation}},
        url = {http://doi.wiley.com/10.1256/qj.05.137},
        volume = {131},
        year = {2005}
}


@ARTICLE{deseretal2011,
        author = {Clara Deser and Adam S. Phillips and Robert A. Tomas and Yuko M. Okumura},
        journal = jclim,
        note = {in press.},
        title = {{ENSO} and Pacific Decadal Variability in Community Climate System Model Version 4},
        year = {2011}
}

@ARTICLE{devironetal1999,
        author = {Olivier {de Viron} and Christian Bizouard and David Salstein and Jean Dickey},
        journal = jgr,
        pages = {4861-4875},
        title = {Atmospheric torque on the {E}arth and comparison with atmospheric angular momentum variations},
        volume = {104},
        year = {1999}
}

@ARTICLE{devironetal2001,
        author = {Olivier {de Viron} and Steven L. Marcus and Jean O. Dickey},
        journal = grl,
        pages = {1985-1988},
        title = {Atmospheric torques during the winter of 1989: {I}mpact of {ENSO} and {NAO} positive phases},
        volume = {28},
        year = {2001}
}

@ARTICLE{devironetal2002a,
        author = {Olivier {de Viron} and Jean O. Dickey and Steven L. Marcus},
        journal = grl,
        pages = {1140},
        title = {Annual atmospheric torques: processes and regional contributions},
        volume = {29},
        doi = {10.1029/2001GL013859},
        year = {2002}
}

@ARTICLE{devironetal2002b,
        author = {Olivier {de Viron} and V{\'e}ronique Dehant and Hugues Goosse and Michel Crucifix},
        journal = grl,
        pages = {1146},
        title = {Effect of global warming on the length-of-day},
        volume = {29},
        doi = {10.1029/2001GL013672},
        year = {2002}
}

@ARTICLE{devironetal2002c,
        author = {Olivier {de Viron} and Jean O. Dickey and Steven L. Marcus},
        journal = grl,
        pages = {1849},
        title = {Effect of changes in total atmospheric mass on length-of-day modeling},
        volume = {29},
        doi = {10.1029/2002GL015572},
        year = {2002}
}

@ARTICLE{devirondehant2004,
        author = {Olivier {de Viron} and Veronique Dehant},
        title = {Earth's rotation and high frequency equatorial angular mometum budget of the atmosphere},
        journal = sg,
        pages = {441-462},
        volume = {20},
        year = {2004}
}

@ARTICLE{devironetal2004,
        author = {Olivier {de Viron} and David Salstein and Christian Bizouard and Laura Fernandez},
        title = {Low-frequency excitation of length of day and polar motion by the atmosphere},
        journal = jgr,
        pages = {B03408},
        volume = {109},
        year = {2004}
}

@ARTICLE{dickeyetal1991,
        author = {Jean O. Dickey and M. Ghil and Steven L. Marcus},
        journal = jgr,
        pages = {22643-22658},
        title = {Extratropical Aspects of the 40-50 Day Oscillation in Length-of-Day and Atmospheric Angular Momentum},
        volume = {96},
        year = {1991}
}

@ARTICLE{dickeyetal2003,
        author = {Jean O. Dickey and Steven L. Marcus and Olivier {de Viron}},
        journal = grl,
        pages = {1573},
        title = {Coherent interannual and decadal variations in the atmosphere-ocean system},
        volume = {30},
        doi = {10.1029/2002GL016763},
        year = {2003}
}

@ARTICLE{dickeyetal2007,
        author = {Jean O. Dickey and Steven L. Marcus and Toshi M. Chin},
        journal = grl,
        pages = {L17803},
        title = {Thermal wind forcing and atmospheric angular momentum: Origin of the {Earth}'s delayed response to {ENSO}},
        volume = {34},
        year = {2007}
}
@TECHREPORT{dill2009,
        author = {Robert Dill},
        title = {Hydrological model {LSDM} for operational {E}arth rotation and gravity field variations},
        institution = {Deutsches GeoForschungsZentrum},
        type = {Sci. Tech. Rep.},
        number = {08/09},
        address = {Potsdam, Germany},
        year = {2009}
}

@ARTICLE{dickeyetal2010,
        author = {Jean O. Dickey and Steven L. Marcus and Olivier de Viron},
        journal = grl,
        pages = {L03307},
        title = {Closure in the Earth's angular momentum budget observed from subseasonal periods down to four days: {N}o core effects needed},
        volume = {37},
        year = {2010}
}


@ARTICLE{dobslawetal2007,
        author = {H. Dobslaw and M. Thomas},
        journal = jgr,
        title = {Simulation and observation of global mass anomalies},
	volume = {112},
	doi = {10.1029/2006JC004035},
        pages = {C05040},
        year = {2007}
}

@ARTICLE{dobslawetal2010,
        author = {H. Dobslaw and R. Dill and A. Gr{\"o}tsch and A. Brzezinski and M. Thomas},
        journal = jgr,
        title = {Seasonal polar motion excitation from numerical models of atmosphere, ocean, and continental hydrosphere},
	volume = {115},
	doi = {10.1029/2009JB007127,2010},
        pages = {10406},
        year = {2010}
}

@ARTICLE{eggerhoinka2006,
        author = {Joseph Egger and Klaus-Peter Hoinka },
        journal = "promet",
        pages = {48-53},
        title = {Austausch von atmosph\"arischem Drehimpuls an Gebirgen},
        volume = {32},
        month = {March},
        year = {2006}
}

@ARTICLE{egger2011,
        author = {Joseph Egger},
        journal = jas,
	note = {in press.},
        title = {Mountain forces and the atmospheric energy budget},
        year = {2011}
}

@ARTICLE{Egger2007,
        author = {Joseph Egger and Klaus Weickmann and Klaus-Peter Hoinka },
        journal = rg,
        month = {December},
        pages = {RG4007},
        title = {Angular momentum in the global atmospheric circulation},
        volume = {45},
        year = {2007}
}

@article{Eubanks1988,
	author = {Eubanks, T.M. and Steppe, J.A. and Dickey, J.O. and Rosen, R.D. and Salstein, D.A.},
	journal = {Nature},
	title = {Causes of rapid motions of the {E}arth's pole},
	number = {14 July 1988},
	pages = {115--119},
	volume = {334},
	year = {1988}
}

@ARTICLE{eubanksetal1985,
	AUTHOR = {T.M. Eubanks and J.A. Steppe and J.O. Dickey and P.S. Callahan},
	TITLE = {A Spectral Analysis of the {E}arth's Angular Momentum Budget},
	JOURNAL = jgr,
	PAGES = {5385-5404},
	VOLUME = {90},
	YEAR = 1985,
		}

@ARTICLE{eyringetal2010ozone,
	AUTHOR = "V. Eyring and I. Cionni and J.F. Lamarque and H. Akiyoshi and G.E. Bodeker and A.J. Charlton Perez and S.M. Frith and A. Gettelman and D.E. Kinnison and T. Nakamura and L.D. Oman and S. Pawson and Y. Yamashita",
	TITLE = "Sensitivity of 21st century stratospheric ozone to greenhouse gas scenarios",
	JOURNAL = grl,
	PAGES = {L16807},
	VOLUME = {37},
	YEAR = 2020,
        DOI = {10.1029/2010GL044443},
		}

@article{Faber2013,
	author = {Faber, A. and Llamedo, P. and Schmidt, T. and de la Torre, a. and Wickert, J.},
	doi = {10.5194/amt-6-3169-2013},
	issn = {1867-8548},
	journal = {Atmospheric Measurement Techniques},
	month = nov,
	number = {11},
	pages = {3169--3180},
	title = {{On the determination of gravity wave momentum flux from GPS radio occultation data}},
	url = {http://www.atmos-meas-tech.net/6/3169/2013/},
	volume = {6},
	year = {2013}
}

@ARTICLE{gentetal2011,
        author = {Peter R. Gent and Gokhan Danabasoglu and Leo J. Donner and Mark. M. Holland and Elizabeth C. Hunke and Steve R. Jayne and David M. Lawrence and Richard B. Neale and Philip J. Rasch and Mariana Vertenstein and Patrick H. Worley and Zong-Liang Yang and Minghua Zhang},
        journal = jclim,
        note = {in press.},
        title = {The Community Climate System Model Version 4},
        year = {2011}
}

@ARTICLE{gieseetal2010,
        author = {Benjamin S. Giese and Gilbert P. Compo and Niall C. Slowey and Prashant D. Sardeshmukh and James A. Carton and Sulagna Ray and Jeffrey S. Whitaker},
        journal = bams,
        pages = {177-183},
        title = {The 1918/19 {El} {Ni{\~n}o} },
        month = {February},
        year = {2010}
}

@ARTICLE{giorgettaetal2006,
        author = {M.A. Giorgetta and E. Manzini and E. Roeckner and M. Esch and L. Bengtsson},
        journal = jclim,
        pages = {3882-3901},
        title = {Climatology and forcing of the quasi-biennial oscillation in the {MAECHAM5} model},
        volume = {19},
        year = {2006}
}

@ARTICLE{glattetal2011,
        author = {Ilona Glatt and Andreas D{\"o}rnbrack and Sarah Jones and Julia Keller and O. Martius and Aurelia M{\"u}ller and Dieter H.W. Peters and Volkmar Wirth},
        journal = {Tellus},
        note = {"in press."},
        title = {Utility of Hovm{\"o}ller Diagrams to diagnose Rossby wave trains},
        year = {2011}
}

@ARTICLE{gottwaldetal2011,
        author = {Georg A. Gottwald and Lewis Mitchell and Sebastian Reich},
        journal = mwr	,
        title = {Controlling overestimation of error covariance in ensemble {K}alman filters with sparse observations: {A} variance limiting {K}alman filter},
        note = "accepted.",
        year = {2011}
}

@ARTICLE{greinermaijochmann1998,
        author = {H. Greiner-Mai and H. Jochmann},
        journal = jd,
        pages = {1-4},
        title = {Correction to `{C}limate Variations and the Earth's Rotation'},
        volume = {25},
        year = {1998}
}

@ARTICLE{Gross1992,
        author = {Richard S. Gross},
        journal = gji,
        pages = {162-170},
        title = {Correspondence between theory and observations of polar motion},
        volume = {109},
        year = {1992}
}

@ARTICLE{grossetal1996b,
        author = {Richard S. Gross and Steven L. Marcus and T. Marshall Eubanks and Jean O. Dickey and Christian L. Kepenne},
        journal = grl,
        pages = {3373-3376},
        title = {Detection of an {ENSO} signal in seasonal length-of-day variations},
        volume = {23},
        number = {23},
        year = {1996}
}

@ARTICLE{grossetal1996a,
        author = {Richard S. Gross and Kamal H. Hamdan and Dale H. Boggs},
        journal = grl,
        pages = {1809-1812},
        title = {Evidence for excitation of polar motion by fortnightly ocean tides},
        volume = {23},
        number = {14},
        year = {1996}
}

@article{Gross2000,
	author = {Gross, Richard S.},
	title = {The excitation of the {C}handler wobble},
	journal = {Geophysical Research Letters},
	volume = {27},
	number = {15},
	issn = {1944-8007},
	url = {http://dx.doi.org/10.1029/2000GL011450},
	doi = {10.1029/2000GL011450},
	pages = {2329--2332},
	year = {2000},
}


@ARTICLE{grossetal2003,
        author = {Richard S. Gross and Ichiro Fukumori and Dimitris Menemenlis},
        journal = jgr,
        pages = {2370},
        title = {Atmospheric and oceanic excitation of the {E}arth's wobbles during 1980-2000},
        volume = {108},
	number = {B8},
        year = {2003}
}

@ARTICLE{grossetal2005,
        author = {Richard S. Gross and Ichiro Fukumori and Dimitris Menemenlis},
        journal = jgr,
        pages = {B09405},
        title = {Atmospheric and oceanic exciation of decadal-scale Earth orientation variations},
        volume = {110},
        doi = {10.1029/2004JB003565},
        year = {2005}
}

@INCOLLECTION{gross2009,
        author = {Richard S. Gross},
        editor= {Tom Herring},
        title = {Earth Rotation Variations - Long Period},
        booktitle = {Geodesy, Treatise on Geophysics},
        pages = {239-294},
        publisher = {Elsevier},
        year = {2009}
}

@ARTICLE{hideetal1980,
        author = {R. Hide and N.T. Birch and L.V. Morrison and D.J. Shea and A.A. White },
        journal = "Nature",
        pages = {114-117},
        title = {Atmospheric angular momentum fluctuations and changes in the length of day},
        volume = {286},
        year = {1980}
}

@ARTICLE{hideetal1997,
        author = {R. Hide and J.O. Dickey and S.L. Marcus and R.D. Rosen and D.A. Salstein},
        journal = jgr,
        month = {July},
        pages = {16423-16438},
        title = {Atmospheric angular momentum fluctuations during 1979-1988 simulated by global circulation models},
        volume = {102},
        year = {1997}
}

@ARTICLE{hines1997,
        author = { C.O. Hines },
        journal =  "J. Atmos. Solar Terr. Phys.",
        pages = { 387-400 },
        title = { Doppler-spread parametrization of gravity wave momentum deposition in the middle atmosphere.  {P}art 2: Broad and quasi monochromatic spectra, and implementation. },
        volume = { 59 },
        year = { 1997}
}

@ARTICLE{huangetal2001,
        author = { Huei-Ping Huang and Klaus M. Weickmann and C. Juno Hsu },
        journal = jclim, 
        pages = { 1525-1534 },
        title = {Trend in Atmospheric Angular Momentum in a Transient Climate Change Simulation with Greenhouse Gas amd Aerosol Forcing} ,
        volume = { 14  },
        year = { 2001 }
}

@ARTICLE{hufeng2010,
        author = { Qi Hu and Song Feng },
        journal = jgr, 
        pages = { D01102 },
        title = {Influence of the {A}rctic oscillation on central {U}nited {S}tates summer rainfall} ,
        volume = { 115 },
        year = { 2010 }
}

@MANUAL{iers,
        AUTHOR = "IERS",
        TITLE = "IERS Earth Orientation Data",
        ORGANIZATION = "IERS: Int. Earth Rot. and Ref. Service",
        ADDRESS = "Bundesamt f{\"u}r Kartographie und Geod{\"a}sie (BKG), Frankfurt am Main, Germany",
        NOTE = "Available online at http://www.iers.org",
        YEAR = 2009,
                }


@ARTICLE{jochmanngreinermai1996,
        author = {H. Jochmann and H. Greiner-Mai },
        journal =jg,
        pages = {161-176},
        title = {Climate variations and the {E}arth's rotation},
        volume = {21},
        year = {1996}
}

@ARTICLE{joeckeletal2005,
        author = {P. J{\"o}ckel and R. Sander and A. Kerkweg and H. Trost and J. Lelieveld},
        journal =acp,
        pages = {433-444},
        title = {Technical Note: The {M}odular {E}arth {S}ubmodel {S}ystem ({MESS}y) - a new approach towards {E}arth system modeling},
        volume = {5},
        year = {2005}
}

@ARTICLE{joeckeletal2006,
        author = {P. J{\"o}ckel and H. Trost and C. Br{\"u}hl and J. Buchholz and L. Ganzeveld and P. Hoor and A. Kerkweg and M.G. Lawrence and R. Sander and B. Stell and G. Stiller and M. Tanarhte and D. Taraborelli and J. van Aardenne and J. Lelieveld},
        journal =acp,
        pages = {5067-5104},
        title = {The atmospheric chemistry general circulation model {ECHAM/MESSy1}: Consistent simulation of ozone from the surface to the mesosphere},
        volume = {6},
        year = {2006}
}

@ARTICLE{kestinetal1998,
        author = {Tahl S. Kestin and David J. Karoly and Jun-Ichi Yano},
        journal =jclim,
        pages = {2258-2272},
        title = {Time-Frequency variability of {ENSO} and stochastic simulations},
        volume = {11},
        year = {1998}
}

@ARTICLE{kugetal2010,
        author = {Jong-Seong Kug and K.-P. Sooraj and Tim Li and Fei-Fei Jin},
        journal =jgr,
        pages = {D05106},
        title = {Precursors of the {El} {Ni{\~n}o}/{La} {Ni{\~n}a} onset and their interrelationship},
        volume = {115},
        doi = {10.1029/2009JD012861},
        year = {2010}
}

@BOOK{Lambeck1980,
	author = {Kurt Lambeck},
	title = {The Earth's Variable Rotation: Geophysical Causes and Consequences},
	publisher = {Cambridge University Press},
	address  = {The Edinburgh Building, Cambridge, UK},
	year = {1980}
}

@ARTICLE{lehmannnevir2012,
        author = {Elfrun Lehmann and Peter Nevir},
        journal = jgr,
        pages = {D09101},
        title = {Uncertainties in relative angular momentum computed from zonal winds in reanalysis data},
        volume = {117},
        year = {2012}
}

@ARTICLE{leietal2010,
        author = {Jing Lei and Peter Bickel and Chris Snyder},
        journal = mwr,
        pages = {1293-1305},
        title = {Comparison of Ensemble {K}alman Filters under Non-{G}aussianity},
        volume = {138},
        year = {2010}
}

@ARTICLE{lejenasetal1997,
        author = {Harald Lejen{\"a}s and Roland R. Madden and James J. Hack},
        journal = jgr,
        pages = {1931-1941},
        title = {Global atmospheric angular momentum and {E}arth-atmosphere exchange of angular momentum simulated in a general circulation model},
        volume = {102},
        year = {1997}
}

@ARTICLE{lemoueletal2010,
        author = {Jean-Louis {Le Mou{\"e}l} and Elena Blanter and Mikhail Shnirman and Vincent Courtillot},
        journal = grl,
        pages = {L15307},
        title = {Solar forcing of the semi-annual variation of length-of-day},
        volume = {37},
        year = {2010}
}

@ARTICLE{levinejin2010,
        author = {Aaron F. Levine and Fei-Fei Jin},
        journal = jas,
        month = {February},
        pages = {529-542},
        title = {Noise-Induced Instability in the {ENSO} Recharge Oscillator},
        volume = {67},
        year = {2010}
}

@ARTICLE{lottetal2005,
        author = {F. Lott and L. Goudard and A. Martin},
        journal = jgr,
        pages = {D22107},
        title = {Links between the mountain torque and the {A}rctic {O}scillation in the {L}aboratoire de M{\'e}t{\'e}orologie {D}ynamique ({LMDz}), general circulation model},
        volume = {110},
        doi = {10.1029/2005JD006073},
        year = {2005}
}

@ARTICLE{lottetal2001,
        author = {Fran\c{c}ois Lott and Andrew W. Robertson and Michael Ghil},
        journal = grl,
        pages = {1207-1210},
        title = {Mountain Torques and Atmospheric Oscillations},
        volume = {28},
        year = {2001}
}

@ARTICLE{lorenz2006,
        author = {Edward D. Lorenz},
        journal = jas,
        pages = {2056-2073},
        title = {Regimes in Simple Systems},
        volume = {63},
        year = {2006}
}

@ARTICLE{maddenjulian1994,
	author = {Roland A. Madden and Paul R. Julian},
	journal = mwr,
	pages = {814-837},
	title = {Observations of the 40-50 Day Tropical Oscillation --- A Review},
	volume = {122},
	year = {1994}
}

@ARTICLE{manzinimcfarlane1998,
	author = {E. Manzini and N. A. McFarlane},
	journal = jgr,
	pages = {31523-31539},
	title = {The effect of varying the source spectrum of a gravity wave parametrization in a middle atmosphere general circulation model},
	volume = {103},
	year = {1998}
}

@ARTICLE{marcusetal2001,
	author = {Steven L. Marcus and Jean O. Dickey and Olivier de Viron },
	journal = grl,
	pages = {3465},
	title = {Links between intraseasonal (extended {MJO}) and {ENSO} timescales: {I}nsights via geodetic and atmospheric analysis},
	volume = {28},
	number = {18},
	year = {2001}
}

@ARTICLE{marcusetal2011,
	author = {Steven L. Marcus and Olivier de Viron and Jean O. Dickey},
	journal = jgr,
	pages = {D03107},
	title = {Abrupt atmospheric torque changes and their role in the 1976-1977 climate regime shift},
	volume = {116},
	doi = {10.1029/2010JD015032},
	year = {2011}
}

@ARTICLE{marcusetal2012,
	author = {Steven L. Marcus and Jean O. Dickey and I. Fukumori and Olivier de Viron},
	journal = grl,
	pages = {L04605},
	title = {Detection of the Earth rotation response to a rapid fluctuation of Southern Ocean circulation in November 2009},
	volume = {39},
	doi = {10.1029/2011GL050671},
	year = {2012}
}

@ARTICLE{masonmimmack1992,
	author = {S.J. Mason and G.M. Mimmack},
	journal = "Theor. Appl. Climatol.",
	pages = {229-233},
	title = {The Use of Bootstrap Confidence Intervals for the Correlation Coefficient in Climatology},
	volume = {45},
	year = {1992}
}

@ARTICLE{morgensternetal2010,
	author = {O. Morgenstern and M.A. Giorgetta and K. Shibata and V. Eyring and D.W. Waugh and T.G. Shepherd and H. Akiyoshi and J. Austin and A.J.G. Baumgaertner and S. Bekki and P. Braesicke and C. Br{\"u}hl and M.P. Chipperfield and D, Cugnet and M. Dameris and S. Dhomse and S.M. Frith and H. Garny and A. Gettelman and S.C. Hardiman and M.I. Hegglin and P. J{\"o}ckel and D.E. Kinnison and J.-F. Lamarque and E. Mancini and E. Olivi{\'e} and G. Pitari and D.A. Plummer and E. Rozanov and J.F. Scinocca and D. Smale and H. Teyss{\`e}dre and M. Toohey and Y. Yamashita},
	journal = jgr,
	title = {Review of the formulation of present-generation stratospheric chemistry climate models and associated external forcings},
        pages = {D00M02},
        volume = {115},
        doi = {10.1029/2009JD013738},
	year = {2010}
}

@ARTICLE{mudelsee2003,
	author = {Manfred Mudelsee},
	journal = mg,
	pages = {651-665},
	title = {Estimating Pearson's Correlation Coefficient With Bootstrap Confidence Interval from Serially Dependent Time Series},
	volume = {35},
	year = {2003},
}

@ARTICLE{nastulaetal2007,
	author = {J. Nastula and R.M. Ponte and D. Salstein},
	journal = grl,
	pages = {L11306},
	title = {Comparison of polar motion excitation series derived from {GRACE} and from analyses of geophysical fluids},
	volume = {34},
	year = {2007},
        doi = {10.1029/2006GL028983},
}

@ARTICLE{nastulaetal2009,
	author = {J. Nastula and D. Salstein and B. Kolaczek },
	journal = jgr,
	pages = {B04407},
	title = {Patterns of atmospheric excitation functions of polar motion from high-resolution regional sectors},
	volume = {114},
	year = {2009}
}

@ARTICLE{neefmatthes2012,
        author = {Lisa J. Neef and Katja Matthes},
        journal = jgr,
        title = {Comparison of earth rotation excitation in data-constrained and unconstrained atmosphere models},
        pages = {D02107},
        volume = {117},
        year = {2012},
        doi = {10.1029/2011JD016555},
}


@article{nealeetal2010,
	author = {Neale, Richard B and Chen, Chih-chieh and Lauritzen, Peter
H and Williamson, David L and Conley, Andrew J and Smith, Anne K and Mills,
Mike and Morrison, Hugh},
	journal = {National Center for Atmospheric Research Tech. Rep.},
	number = {NCAR/TN-486+STR.},
	pages = {268},
	title = {{Description of the NCAR Community Atmosphere Model (CAM
5.0)}},
	year = {2010}
}


@ARTICLE{nissenetal2007,
	author = {K.M. Nissen and K. Matthes and U. Langematz and B. Mayer},
	journal = acp,
	pages = {5391-5400},
	title = {Towards a better representation of the solar cycle in general circulation models},
	volume = {7},
	year = {2007}
}

@ARTICLE{oort1989,
	author = {Abraham H. Oort},
	journal = bams,
	pages = {1231-1242},
	title = {Angular Momentum Cycle in the Atmosphere-Ocean-Solid Earth System},
	volume = {70},
	number = {10},
	year = {1989}
}

@ARTICLE{paekhuang2012,
	author = {Houk Paek and Huei-Ping Huang},
	journal = jclim,
	note = {in press.},
	title = {A comparison of decadal-to-interdecadal variability and trend in reanalysis datasets using atmospheric angular momentum},
	year = {2012}
}

@INPROCEEDINGS{petricketal2012,
	author = {Christof Petrick and Lisa Neef and Katja Matthes},
        title = {The angular momentum budget of {ENSO} in the {Community Earth System Model}},
	booktitle = {European Geosciences Union General Assembly 2012},
        year = {2012},
	address = {Vienna, Austria},
	month = {April}
}

@ARTICLE{pincusetal2010,
        author = {Robert Pincus and Robert J. Patrick Hofmann and Jeffrey L. Anderson and Kevin Raeder and Nancy Collins and Jeffrey S. Whitaker},
        journal = mwr,
        pages = {"in press"},
        title = {Can fully accounting for clouds in data assimilation improve short-term forecasts by global models?},
        volume = {},
        number = {},
        year = {2010}
}

@ARTICLE{ponteetal1998,
        author = {Rui M. Ponte and Detlef Stammer and J. Marshall},
        journal = {Nature},
        pages = {476-479}, 
        title = {Oceanic signals in observed motions of the {Earth}'pole of rotation},
        volume = {391},
        year = {1998}
}

@ARTICLE{pontestammer2000,
        author = {Rui M. Ponte and Detlef Stammer},
        journal = jgr,
        pages = {17161-17171}, 
        title = {Global and regional axial ocean angular momentum signals and length-of-day variations (1985-1996)},
        volume = {105},
        number = {C7},
        year = {2000}
}

% Alert: didn't actually read this but it is cited by matlab from the Goertzel's algorithm used to do the FFT in pwelch
@BOOK{proakismenolakis1996,
	author = {J.G. Proakis and D.G. Manolakis},
	title = {Digital Signal Processing: Principles, Algorithms, and Applications},
	publisher = {Prentice Hall},
	pages = {480-481},
	address  = {Upper Saddle River, NJ, USA},
	year = {1996}
}

@ARTICLE{pungegiorgetta2008,
	author = {H.J. Punge and M.A. Giorgetta},
	journal = acp,
	pages = {6505-6525},
	title = {Net effect of the {QBO} in a chemistry climate model},
	volume = {8},
	year = {2008}
}

@ARTICLE{pulidothuburn2008,
	author = {Manuel Pulido and John Thuburn},
	journal = jclim,
	pages = {4664-4679},
	title = {The seasonal cycle of gravity wave drag in the Middle Atmosphere},
	volume = {21},
	year = {2008}
}


@article{Schmidt2010,
	author = {Schmidt, T. and Cammas, J.-P. and Smit, H. G. J. and Heise, S. and Wickert, J. and Haser, a.},
	doi = {10.1029/2010JD014284},
	issn = {0148-0227},
	journal = {Journal of Geophysical Research},
	month = dec,
	number = {D24},
	pages = {D24304},
	title = {{Observational characteristics of the tropopause inversion layer derived from CHAMP/GRACE radio occultations and MOZAIC aircraft data}},
	url = {http://doi.wiley.com/10.1029/2010JD014284},
	volume = {115},
	year = {2010}
}
@article{Schmidt2004,
	author = {Schmidt, T. and Wickert, J. and Beyerle, G. and Reigber, C.},
	doi = {10.1029/2004JD004566},
	issn = {0148-0227},
	journal = {Journal of Geophysical Research},
	number = {D13},
	pages = {1--13},
	title = {{Tropical tropopause parameters derived from GPS radio occultation measurements with CHAMP}},
	url = {http://www.agu.org/pubs/crossref/2004/2004JD004566.shtml},
	volume = {109},
	year = {2004}
}


@ARTICLE{Raeder2012,
        author = {Kevin Raeder and Jeffrey L. Anderson and Nancy Collins and Timothy J. Hoar and Jennifer E. Kay and Peter H. Lauritzen and Robert Pincus},
        journal = jclim,
        note = {in press.},
        title = {{DART/CAM}: An Ensemble Data Assimilation System for {CESM} Atmospheric Models},
        doi = {10.1175/JCLI-D-11-00395.1},
        year = {2012}
}

@ARTICLE{renetal2011,
        author = {Shuzhan Ren and Saroja Polavarapu and Stephen R. Beagley and Yulia Nezlin},
        journal = jgr,
        pages = {D19116},
        title = {The impact of gravity wave drag on mesospheric analyses of the 2006 stratospheric major warming},
        volume = {116},
        doi = {10.1029/2011JD015943},
        year = {2011}
}

@ARTICLE{Rosen1983,
        author = {Richard D. Rosen and David A. Salstein},
        journal = jgr,
        pages = {5451-5470},
        title = {Variations in atmospheric angular momentum on global and regional scales and the length of day},
        volume = {88},
        year = {1983}
}

@ARTICLE{rosensalstein1985,
        author = {Richard D. Rosen and David A. Salstein},
        journal = jgr,
        pages = {8033-8041},
        title = {Contribution of stratospheric winds to annual and semiannual fluctuations in atmospheric angular momentum and the length of day},
        volume = {90},
        year = {1985}
}

@ARTICLE{rosenetal1984,
        author = {Richard D. Rosen and David A. Salstein and T. Marshall Eubanks and Jean O. Dickey and J. Alan Steppe},
        journal = "Science",
        pages = {411-414},
        title = {An {El} {Ni{\~n}o} Signal in Atmospheric Angular Momentum and Earth Rotation},
        volume = {225},
        year = {1984}
}

@ARTICLE{Rosen1990,
	author = {Rosen, Richard D and Salstein, David A and Wood, Tamara M},
	journal = jgr,
	number = {89},
	pages = {265--279},
	title = {{Discrepancies in the Earth-Atmosphere Angular Momentum Budget}},
	volume = {95},
	year = {1990}
}

@ARTICLE{rosenetal1991,
        author = {Richard D. Rosen and David A. Salstein and Tamara M. Wood},
        journal = jgr,
        pages = {5145-5151 },
        title = { Zonal Contributions to Global Momentum Variations on Intraseasonal through Interannual Timescales },
        volume = {96},
        year = {1991}
}

@ARTICLE{rosensalstein2000,
        author = {Richard D. Rosen and David A. Salstein},
        journal = "Clim. Dyn.",
        pages = {693-700},
        title = {Multidecadal signals in the interannual variability of atmospheric angular momentum},
        volume = {16},
        year = {2000}
}

@ARTICLE{salsteinrosen1989,
	author = {David A. Salstein and Richard D. Rosen},
	journal = jgr,
	pages = {9971-9978},
	title = {Regional Contributions to the Atmospheric Excitations of Rapid Polar Motions},
	volume = {94},
	year = {1989}
}

@ARTICLE{salsteinrosen1986,
	author = {David A. Salstein and Richard D. Rosen},
	journal = jcam,
	pages = {1870-1877},
	title = {Earth Rotation as a Proxy for Interannual Variability in Atmospheric Circulation, 1860-Present},
	volume = {25},
	year = {1986}
}

@ARTICLE{salsteinetal1993,
	author = {David A. Salstein and Deirdre M. Kann and Alving J. Miller and Richard D. Rosen},
	journal = bams,
	pages = {67-80},
	title = {"The Sub-bureau for Atmospheric Angular Momentum of the International Earth Rotation Service: A Meteorological Data Center with Geodetic Applications"},
	volume = {74},
	number = {1},
	year = {1993}
}

@ARTICLE{Saynisch2011,
	author = {J. Saynisch and M. Wenzel and J. Schr{\"o}ter},
	journal = npg,
	pages = {581-585},
	title = {Assimilation of Earth rotation parameters into a global ocean model: excitation of polar motion},
	volume = {18},
	year = {2011}
}

@ARTICLE{Saynisch2010,
	author = {Jan Saynisch and Manfred Wenzel and Jens Schr{\"o}ter},
	journal = jgeod,
	pages = {67-73},
	title = {Assimilation of Earth rotation parameters into a global ocean model: length of day excitation},
	volume = {85},
	year = {2010}
}

@article{Saynisch2012,
        author = {Saynisch, Jan and Thomas, Maik},
        doi = {10.1016/j.jog.2011.10.003},
        journal = jg,
        month = dec,
        pages = {24--29},
        publisher = {Elsevier Ltd},
        title = {{Ensemble Kalman-Filtering of Earth rotation observations with
a global ocean model}},
        url = {http://linkinghub.elsevier.com/retrieve/pii/S0264370711001153},
        volume = {62},
        year = {2012}
}

@ARTICLE{simpsonetal2011,
	author = {Isla R. Simpson and Theodore G. Shepherd and Michael Sigmond},
	journal = jas,
        note = {in press.},
	title = {Dynamics of the lower stratospheric circulation response to {ENSO}},
	year = {2011}
}

@ARTICLE{snyderetal2008,
	author = {Chris Snyder and Thomas Bengtsson and Peter Bickel and Jeff Anderson},
	journal = mwr,
	pages = {4629-4640},
	title = {Obstacles to high dimensional particle filtering},
	volume = {136},
	year = {2008}
}

@ARTICLE{stainforthetal2005,
	author = {A. Stainforth and T. Alina and C. Christensen and M. Collins and N. Faull and D.J. Frame and J.A. Kettleborough and S. Knight and A. Martin and J.M. Murphy and C. Piani and D. Sexton and L.A. Smith and R.A. Spicer and A.J. Thorpe and M.R. Allen},
	journal = "Nature",
	pages = {403-406},
	title = {Uncertainty in predictions of the climate response to rising levels in greenhouse gases},
	volume = {433},
	year = {2005}
}

@ARTICLE{sanderetal2005,
        author = {R. Sander and A. Kerkweg and P. J{\"o}ckel and J. Lelieveld},
        journal = acp,
        pages = {445-450},
        title = {Technical note: {T}he new comprehensive atmospheric chemistry module {MECCA}},
        volume = {5},
        year = {2005}
}

@ARTICLE{scaifeetal2011,
        author = {Adam A. Scaife and Dan Copsey and Chris Gordon and Chris Harris and Tim Hinton and Sarah Keeley and Alan {O'Neill} and Malcolm Roberts and Keith Williams},
        journal = grl,
        pages = {L23703},
        title = {Improved {A}tlantic winter blocking in a climate model},
        volume = {38},
        year = {2011}
}

@ARTICLE{subramanianetal2011,
        author = {Aneesh C. Subramanian and Markus Jochum and Arthur J. Miller and Raghu Murtugudde and Richard B. Neale and Duane E. Waliser},
        journal = jclim,
        title = {The {M}adden {J}ulian Oscillation in {CCSM4}},
        note = {"in press."},
        year = {2011}
}

@ARTICLE{tanajurabelyaev2009,
        author = {Celemente A.S. Tanajura and Konstantin Belyaev},
        journal = amm,
        pages = {2165-2174},
        title = {A sequential data assimilation method based on the properties of a diffusion-type process},
        volume = {33},
        year = {2009}
}

@ARTICLE{thomasetal2001,
        author = {Maik Thomas and J{\"u}rgen S{\"u}ndermann and Ernst Maier-Reimer},
        journal = grl,
        pages = {2457-2460},
        title = {Consideration of ocean tides in an {OGCM} and impacts on subseasonal to decadal polar motion excitation},
        year = {2001}
}

@PHDTHESIS{thomas2002,
        author = {Maik Thomas},
        title = {Ocean induced variations of {E}arth's rotation -- {R}esults from a simultaneous model of global circulation and tides},
        school = {University of Hamburg},
        note = {129 pp},
        year = {2002}
}

@ARTICLE{thomasetal2009,
        author = {S.J. Thomas and J.P. Hacker and J.L. Anderson},
        journal = qjrms,
        pages = {507-521},
        title = {A robust formulation of the ensemble {K}alman filter},
        year = {2009}
}

@ARTICLE{tianetal2010,
        author = {Baijun Tian and Duane E. Waliser and Eric J. Fetzer},
        journal = mwr,
        pages = {in press},
        title = {Vertical moist thermodynamic structure of the {M}adden-{J}ulian oscillation in atmospheric infrared sounder retrievals: {A}n update and a comparison to {ECMWF} reanalysis},
        year = {2010}
}

@ARTICLE{trevisanetal2010,
        author = {Anna Trevisan and Massimo D'Isidoro and Olivier Talagrand},
        journal = qjrms,
        pages = {487-496},
        title = {Four-dimensional and variational assimilation in the unstable subspace and the optimal subspace dimension},
        volume = {136},
        year = {2010}
}

@ARTICLE{trenberthetal2008,
        author = {Kevin E. Trenberth and John T. Fasullo and Jeffrey Kiehl},
        journal = bams,
        pages = {311-324},
        title = {Earth's Global Energy Budget},
        volume = {90},
        year = {2008}
}

@ARTICLE{uppalaetal2005,
  	author = "S M Uppala and P Kallberg and A Simmons and U Andrae and V Bechtold and M Fiorino and J Gibson and J Haseler and A Hernandez and G Kelly and X Li and K Onogi and S Saarinen and N Sokka and R Allan and E Andersson and K Arpe and M Balmaseda and ACM Beljaars and L Van De Berg",
  	title =	{The {ERA}-40 re-analysis},
  	journal =	qjrms,
  	year =	{2005},
  	volume =	{131},
  	number =	{612},
  	pages =	{2961-3012},
  	doi = {10.1256/qj.04.176},
}

@ARTICLE{uppalaetal2008,
        author = {S. Uppala and D. Dee and S. Kobayashi and P. Berrisford and A. Simmons},
        pages = {12-18},
        title = {Towards a climate data assimilation system: status update of {ERA} {I}nterim},
        volume = {2008},
        journal = {ECMWF Newsletter},
        year = {2008}
}

@ARTICLE{wardinski2006,
  author = {Wardinski,I. and Holme,R.},
  title = {A time-dependent model of the Earth's magnetic field and its secular variation for the period 1980 -- 2000},
  journal = {J. Geophys. Res.},
  year = {2006},
  OPTkey = {PDF},
  volume = {111},
  OPTnumber = {B12101},
  pages = {doi:10.1029/2006JB004401},
}


@ARTICLE{weickmannetal1992,
	author = {K.M. Weickmann and S.J.S. Khalsa and J. Escheid},
	journal = {mwr},
	pages = {2252-2263},
	title = {The Atmospheric Angular-Momentum Cycle during the Tropical Madden-Julian Oscillation},
	volume = {120},
	year = {1992}
}

@ARTICLE{welch1967,
	author = {P. Welch},
	journal = "IEEE Trans. Aud. Elec.",
	pages = {70-73},
	title = {The use of fast {F}ourier transform for the estimation of power spectra:{A} method based on time averaging over the modified periodograms},
	volume = {15},
        number = {2},
	year = {1967}
}

@BOOK{wilks1995,
	author = {Daniel S. Wilks},
	title = {Statistical methods in the atmospheric sciences: An Introduction},
	publisher = {Academic Press, Inc.},
	pages = {467},
	address  = {San Diego, California},
	year = {1995}
}

@ARTICLE{winkelnkemperetal2008,
	author = {T. Winkelnkemper and F. Seitz and S.-K. Min and A. Hense},
	journal = {Observing our Changing Earth, IAG Symposia},
	pages = {447-454},
	title = {Simulation of historic and future atmospheric angular momentum effects on length-of-day variations with {GCMs}},
	volume = {133},
	isbn = {978-3-540-85425-8},
	issn = {0939-9585},
	doi = {10.1007/978-3-540-85426-5-54},
	year = {2008}
}

@ARTICLE{wunschstammer1997,
	author = {Carl Wunsch and Detlef Stammer},
	journal = rg,
	pages = {79-107},
	title = {Atmospheric loading and the oceanic ``inverted barometer'' effect},
	volume = {35},
        number = {1},
	year = {1997}
}

@ARTICLE{yuetal1999,
	author = {N. Yu and D. Zheng and H. Wu},
	journal = jd,
	pages = {385-390},
	title = {Contribution of new {AAM} data source to {$\Delta$}{LOD} excitation},
	volume = {73},
	year = {1999}
}

@ARTICLE{zhaoqu1995,
       author = {Jinping Zhao and Weizheng Qu},
       journal = jgr,
       pages = {12719-12730},
       title = {Study of the dynamical mechanism of seasonal variation of {E}arth's rotational velocity},
       volume = {100},
       year = {1995}
}

@ARTICLE{zhouetal2008,
	author = {Y.H. Zhou and J.L. Chen and D.A. Salstein},
	journal = gji,
	pages = {453-463},
	title = {Tropospheric and stratospheric wind contributions to Earth's variable rotation from {NCEP/NCAR} reanalyses (2000-2005)},
	volume = {174},
	doi = {10.1111/j.1365-246X.2008.03843},
	year = {2008}
}
@article{linetal2010,
	author = {Lin, Hai and Brunet, Gilbert and Mo, Ruping},
	doi = {10.1175/2010MWR3363.1},
	issn = {0027-0644},
	journal = mwr,
	month = oct,
	number = {10},
	pages = {3822--3839},
	title = {{Impact of the Maddenâ€“Julian Oscillation on Wintertime Precipitation in Canada}},
	url = {http://journals.ametsoc.org/doi/abs/10.1175/2010MWR3363.1},
	volume = {138},
	year = {2010}
}

@article{linetal2009,
	author = {Lin, Hai and Brunet, Gilbert and Derome, Jacques},
	doi = {10.1175/2008JCLI2515.1},
	issn = {0894-8755},
	journal = jclim,
	month = jan,
	number = {2},
	pages = {364--380},
	title = {{An Observed Connection between the North Atlantic Oscillation and the Maddenâ€“Julian Oscillation}},
	url = {http://journals.ametsoc.org/doi/abs/10.1175/2008JCLI2515.1},
	volume = {22},
	year = {2009}
}

@article{Jung2011,
	author = {Jung, T. and Vitart, F. and Ferranti, L. and Morcrette, J.-J.},
	doi = {10.1029/2011GL046786},
	issn = {00948276},
	journal = {Geophys. Res. Lett.},
	month = apr,
	number = {7},
	title = {{Origin and predictability of the extreme negative NAO winter of 2009/10}},
	url = {http://doi.wiley.com/10.1029/2011GL046786},
	volume = {38},
	year = {2011}
}

@article{Jung2010,
	author = {Jung, T. and Palmer, T. N. and Rodwell, M. J. and Serrar, S.},
	doi = {10.1175/2010MWR3258.1},
	issn = {0027-0644},
	journal = mwr,
	month = aug,
	number = {8},
	pages = {3157--3174},
	title = {{Understanding the Anomalously Cold European Winter of 2005/06 Using Relaxation Experiments}},
	url = {http://journals.ametsoc.org/doi/abs/10.1175/2010MWR3258.1},
	volume = {138},
	year = {2010}
}

@article{jungetal2011a,
	author = {Jung, Thomas},
	doi = {10.1002/qj.781},
	issn = {00359009},
	journal = qjrms,
	month = apr,
	number = {656},
	pages = {598--606},
	title = {{Diagnosing remote origins of forecast error: relaxation versus 4D-Var data-assimilation experiments}},
	url = {http://doi.wiley.com/10.1002/qj.781},
	volume = {137},
	year = {2011}
}

@article{lee1999,
	author = {Lee, Sukyoung},
	journal = {J. Atmos. Sci.},
	pages = {1353--1363},
	title = {{Why Are the Climatological Zonal Winds Easterly in the Equatorial Upper Troposphere ?}},
	volume = {56},
	year = {1999}
}

@article{hoskinsetal1999,
	author = {Hoskins, Brian and Neale, Richard and Rodwell, Mark and Yang, Gui-Ying},
	journal = {Tellus},
	pages = {33--44},
	title = {{Aspects of the large-scale tropical atmospheric circulation}},
	volume = {51},
	year = {1999}
}


@article{kangetal2012,
	author = {Kang, Ji-Sun and Kalnay, Eugenia and Miyoshi, Takemasa and Liu, Junjie and Fung, Inez},
	doi = {10.1029/2012JD018259},
	issn = {0148-0227},
	journal = jgr,
	month = dec,
	number = {D24},
	pages = {D24101},
	title = {{Estimation of surface carbon fluxes with an advanced data assimilation methodology}},
	url = {http://www.agu.org/pubs/crossref/2012/2012JD018259.shtml},
	volume = {117},
	year = {2012}
}

@MISC{NOAA2009,
	author = {{NOAA}},
	title = {{NOAA} National Climatic Data Center, State of the Climate: Global Analysis for Annual 2009},
	month = dec,
	year = {2009},
	note = {published online.},
	url = {http://www.ncdc.noaa.gov}
}

@MISC{NOAA2013,
	author = {{NOAA}},
	title = {{NOAA} National Climatic Data Center, State of the Climate: Global Analysis for Annual 2013},
	month = dec,
	year = {2013},
	note = {published online.},
	url = {http://www.ncdc.noaa.gov}
}

@article{slingoetal1996,
	author = {Slingo, J. M. and Sperber, K. R. and Boyle, J. S. and Ceron, J.-P. and Dix, M. and Dugas, B. and Ebisuzaki, W. and Fyfe, J. and Gregory, D. and Gueremy, J.-F. and Hack, J. and Harzallah, a. and Inness, P. and Kitoh, a. and Lau, W. K.-M. and McAvaney, B. and Madden, R. and Matthews, a. and Palmer, T. N. and Parkas, C.-K. and Randall, D. and Renno, N.},
	doi = {10.1007/BF00231106},
	issn = {0930-7575},
	journal = {Clim. Dyn.},
	month = apr,
	number = {5},
	pages = {325--357},
	title = {{Intraseasonal oscillations in 15 atmospheric general circulation models: results from an AMIP diagnostic subproject}},
	url = {http://link.springer.com/10.1007/BF00231106},
	volume = {12},
	year = {1996}
}


@INCOLLECTION{andrewsetal1987,
        author = {David G. Andrews and James R. Holton and Convay B. Leovy},
        editor= {Academic Press, Inc.},
        title = {Chapter 6 - Stratospheric Sudden Warmings},
        booktitle = {Middle Atmopshere Dynamics},
        pages = {259-294},
        publisher = {Harcourt Brace Jovanovich, Publishers},
        year = {1987}
}

@ARTICLE{ayarzaguenaetal2011,
        author = {Blanca Ayarzag{\"u}ena and Ulrike Langematz and Encarna Serrano},
        title = {Tropospheric forcing of the stratosphere: {A} comparative study of the two different Major Stratospheric Warmings in 2009 and 2010},
	journal = jgr,
	pages = {D18114},
	doi = {10.1029/2010JD015023},
	volume = {116},
        year = {2011}
}

@ARTICLE{baldwindunkerton2001,
        author = {Mark P. Baldwin and Timothy J. Dunkerton},
        journal = "Science",
        pages = {581-584},
        title = {Stratospheric Harbingers of Anomalous Weather Regimes},
        volume = {294},
        year = {2001}
}

@ARTICLE{bancalaetal2012,
        author = {S. Bancal{\'a} and K. Kr{\"u}ger and M. Giorgetta},
        journal = jgr,
        title = {The preconditioning of major sudden stratospheric warmings},
        pages = {D04101},
        volume = {117},
        doi = {doi:10.1029/2011JD016769},
        year = {2012}
}


@ARTICLE{blumeetal2012,
        author = {Christian Blume and Katja Matthes and Illia Horenko},
        journal = jas,
        title = {Supervised Learning Approaches to Classify Sudden Stratospheric Warming Events},
        note = {in press.},
	doi = {10.1175/JAS-D-11-0194.1},
        year = {2012}
}

@article{Blume2012,
	author = {Blume, Christian and Matthes, Katja},
	doi = {10.5194/acp-12-5691-2012},
	journal = {Atmospheric Chemistry and Physics},
	pages = {5691--5701},
	title = {{Understanding and forecasting polar stratospheric variability with
		statistical models}},
	volume = {12},
	year = {2012}
}

@ARTICLE{butlerpolvani2011,
        author = {Amy H. Butler and Lorenzo M. Polvani},
        journal = grl,
        title = {{El Ni{\~n}o}, {La Ni{\~n}a}, and stratospheric sudden warmings: {A} reevaluation in light of the observational record},
        pages = {L13807},
        volume = {38},
        doi = {10.1029/2011GL048048},
        year = {2011}
}

@ARTICLE{calvomarsh2011,
        author = {Natalia Calvo and Daniel R. Marsh},
        journal = jgr,
        title = {The combined effects of {ENSO} and the 11 year solar cycle on the {N}orthern {H}emisphere polar stratosphere},
        pages = {D231112},
        volume = {116},
        doi = {10.1029/2010JD015226},
        year = {2011}
}

@article{cassou2008,
	author = {Cassou, Christophe},
	doi = {10.1038/nature07286},
	issn = {1476-4687},
	journal = {Nature},
	month = sep,
	number = {7212},
	pages = {523--7},
	title = {{Intraseasonal interaction between the Madden-Julian Oscillation and the North Atlantic Oscillation.}},
	volume = {455},
	year = {2008}
}

@ARTICLE{Charlton2007,
        author = {Andrew J. Charlton and Lorenzo M. Polvani},
        journal = jclim,
        title = {A New Look at Stratospheric Sudden Warmings.  {Part I}: {Climatology} and Modeling Benchmarks},
        pages = {449-469},
        volume = {20},
        year = {2007}
}

@ARTICLE{cohenjones2011,
        author = {Judah Cohen and Justin Jones},
        journal = jclim,
        title = {Tropospheric precursors and stratospheric warmings},
        volume = 24,
        pages = {6562-6572},
        doi = {10.1175/2011JCLI4160.1},
        year = {2011}
}

@ARTICLE{coughlintung2005,
        author = {K. Coughlin and K.K. Tung},
        journal = jgr,
        pages = {D01103},
        title = {Tropospheric wave response to decelerated stratosphere seen as downward propagation in northern annular mode},
        volume = {110},
        year = {2005}
}

@ARTICLE{delatorreetal2012,
        author = {Laura de la Torre and Rolando R. Garcia and David Barriopedro and Amal Chandran},
        journal = jgr,
        pages = {D04110},
        title = {Climatology and characteristics of stratospheric sudden warmings in the {W}hole {A}tmosphere {C}ommunity {C}limate {M}odel},
        volume = {117},
        year = {2012}
}

@ARTICLE{devirondehant1999,
        author = {Olivier de Viron and Veronique Dehant},
        journal = sg,
        pages = {441-462},
        title = {Earth's rotation and high frequency equatorial angular momentum budget of the atmosphere},
        volume = {20},
        year = {1999}
}

@ARTICLE{devironetal1999,
        author = {Olivier de Viron and C. Bizouard and D. Salstein and V. Dehant},
        journal = jgr,
        pages = {4861-4875},
        title = {Atmospheric torque on the Earth and comparison with atmospheric angular momentum variations},
        volume = {104},
        year = {1999}
}

@ARTICLE{dickeyetal1994,
        author = {J.O. Dickey and S. L. Marcus and R. Hide},
        journal = jgr,
        pages = {23921-23937},
        title = {Angular momentum exchange among the solid Earth, atmosphere, and oceans: A case study of the 1982-1983 El Nino event},
        volume = {99},
        year = {1994}
}

@BOOK{etling,
	author = {Dieter Etling},
	title = {Theoretische Meteorologie - Eine Einf{\"u}hrung},
	publisher = {Springer-Verlag},
        address = {Berlin and Heidelberg, Germany},
	year = {2008}
}

@article{Garfinkel2008,
	author = {Garfinkel, C. I. and Hartmann, D. L.},
	doi = {10.1029/2008JD009920},
	file = {:home/lneef/Dropbox/NATHAN/Reprints/garfinkelhartmann2008.pdf:pdf},
	issn = {0148-0227},
	journal = {Journal of Geophysical Research},
	mendeley-groups = {SSW,ENSO},
	month = sep,
	number = {D18},
	pages = {D18114},
	title = {{Different ENSO teleconnections and their effects on the stratospheric
		polar vortex}},
	url = {http://doi.wiley.com/10.1029/2008JD009920},
	volume = {113},
	year = {2008}
}

@article{Garfinkel2010,
	author = {Garfinkel, Chaim I. and Hartmann, Dennis L. and Sassi, Fabrizio},
	doi = {10.1175/2010JCLI3010.1},
	issn = {0894-8755},
	journal = {Journal of Climate},
	month = jun,
	number = {12},
	pages = {3282--3299},
	title = {{Tropospheric Precursors of Anomalous Northern Hemisphere Stratospheric Polar Vortices}},
	volume = {23},
	year = {2010}
}

@article{Garfinkel2011,
	author = {Garfinkel, Chaim I. and Hartmann, Dennis L.},
	doi = {10.1175/2011JAS3665.1},
	file = {:home/lneef/Dropbox/NATHAN/Reprints/garfinkelhartmann2011.pdf:pdf},
	issn = {0022-4928},
	journal = {Journal of the Atmospheric Sciences},
	mendeley-groups = {QBO},
	month = jun,
	number = {6},
	pages = {1273--1289},
	title = {{The Influence of the Quasi-Biennial Oscillation on the Troposphere in
		Winter in a Hierarchy of Models. Part I: Simplified Dry GCMs}},
	url = {http://journals.ametsoc.org/doi/abs/10.1175/2011JAS3665.1},
	volume = {68},
	year = {2011}
}


@article{garfinkeletal2012,
	author = {Garfinkel, Chaim I. and Feldstein, Steven B. and Waugh, Darryn W. and Yoo, Changhyun and Lee, Sukyoung},
	doi = {10.1029/2012GL053144},
	journal = {Geophysical Research Letters},
	month = sep,
	number = {18},
	pages = {1-5},
	title = {{Observed connection between stratospheric sudden warmings and the Madden-Julian Oscillation}},
	volume = {39},
	year = {2012}
} 

@article{Haigh2005,
	author = {Haigh, Joanna D. and Blackburn, Michael and Day, Rebecca},
	journal = jc,
	pages = {3672--3685},
	title = {{The Response of Tropospheric Circulation to Perturbations in
		Lower-Stratospheric Temperature}},
	volume = {18},
	year = {2005}
}

@article{Hansen2013,
	author = {Hansen, F. and Matthes, K. and Gray, L. J.},
	doi = {10.1002/jgrd.50812},
	issn = {2169897X},
	journal = {Journal of Geophysical Research: Atmospheres},
	month = sep,
	title = {{Sensitivity of stratospheric dynamics and chemistry to QBO nudging width in the chemistry-climate model WACCM}},
	volume = 118,
	issue = 18,
	pages = {10464-10474},
	year = {2013}
}


@ARTICLE{haradaetal2010,
        author = {Yayoi Harada and Atushi Goto and Hiroshi Hasegawa and Norihisa Fujikawa},
        journal = jas,
        pages = {2052-2069},
        title = {A Major Stratospheric Sudden Warming Event in January 2009},
        volume = {67},
        year = {2009}
}

@ARTICLE{hardimanetal2011,
        author = {Steven C. Hardiman and Neal Butchart and Andrew J. Charlton-Perez and Tiffany A. Shaw and Hideharu Akiyoshi and Andreas Baumgartner and Slimane Bekki and Peter Braesicke and Martyn Chipperfield and Martin Dameris and Rolando R. Garcia and Martine Michou and Steven Pawson and Eugene Rozanov and Kiyota Shibata},
        journal = jgr,
        note = "in press",
        title = {Improved predictability of the troposphere using stratospheric final warmings},
        year = {2011}
}

@ARTICLE{hardimanetal2012,
        author = {Steven C. Hardiman and Neal Butchart and T.J. Hinton and S.M. Osprey and L.J. Gray},
        journal = jclim,
        note = "in press",
        title = {The effect of a well resolved stratosphere on surface climate: {Differences} between {CMIP5} simulations with high top and low top versions of the {Met Office} climate model},
        doi = {10.1175/JCLI-D-11-00579.1},
        year = {2012}
}

@ARTICLE{hirookaetal2007,
        author = {Toshihiko Hirooka and Tomoko Ichimaru and Hitoshi Mukougawa},
        journal = jmsj,
        pages = {919-925},
        title = {Predictability of Stratospheric Sudden Warmings as Inferred from Ensemble Forecast Data: Intercomparison of 2001/02 and 2003/04 Winters},
        volume = {85},
        year = {2007}
}


@article{hitchcockshepherd2013,
	author = {Hitchcock, Peter and Shepherd, Theodore G},
	journal = {Journal of the Atmospheric Sciences},
	month = sep,
	pages = {688--707},
	title = {{Zonal mean dynamics of Extended Recoveries from Stratospheric Sudden Warmings}},
	volume = {70},
	year = {2013}
}


@ARTICLE{hitchcocketal2013,
        author = {Peter Hitchcock and Theodore G. Shepherd and Gloria Manney},
        journal = jclim,
	month = mar,
	number = {6},
	pages = {2096--2116},
	title = {{Statistical Characterization of Arctic Polar-Night Jet Oscillation Events}},
	volume = {26},
	year = {2013}
}

@BOOK{holton,
	author = {James R. Holton},
	title = {An Introduction to Dynamic Meteorology},
	publisher = {Elsevier Academic Press},
	year = {2004}
}

@ARTICLE{holtontan1980,
        author = {James R. Holton and Hsiu-Chi Tan},
        journal = jas,
        pages = {2200-2208},
        title = {The Influnece of the Equatorial Quasi-Biennial Oscillation on the Global Circulation at 50mb},
        volume = {37},
        year = {1980}
}

@ARTICLE{holtonaustin1990,
        author = {James R. Holton and John Austin},
        journal = jas,
        pages = {607-818},
        title = {The Influnece of the Equatorial QBO on Sudden Stratospheric Warmings},
        volume = {1?},
        year = {1991}
}

@ARTICLE{jinetal2010,
        author = {Shuanggen Jin and L.J. Zhang and B.D. Tapley},
        journal = gji,
        pages = {651-660},
        title = {The understanding of length-of-day variations from satellite gravity and laser ranging measurements},
        volume = {184},
        year = {2010}
}

@ARTICLE{koderaetal2000,
	author = {Kodera, Kunihiko and Kuroda, Yuhji and Pawson, Steven},
	doi = {10.1029/2000JD900095},
	issn = {0148-0227},
	journal = {Journal of Geophysical Research},
	number = {D10},
	pages = {12361--12370},
	title = {A mechanistic model study of slowly propagating coupled stratosphere-troposphere variability},
	volume = {105},
	year = {2000}
}

@ARTICLE{koderaetal1990,
        author = {Kunihiko Koderaand Koji Yamazaki and Masaru Chiba and Kiyotaka Shibata},
        journal = grl,
        pages = {1263-1266},
        title = {Downward Propagation Of Upper stratospheric Mean Zonal Wind Perturbation To Tho Troposphere},
        volume = {17},
        year = {1990}
}

@ARTICLE{koderaetal2004,
        author = {Kunihiko Kodera and Kazutaka Yamada},
        journal = pmg,
        pages = {115-120},
        title = {Impact of the major stratospheric warming on the Hadley circulation: A case study},
        volume = {54},
        year = {2004}
}

@ARTICLE{koderaetal1996,
        author = {Kunihiko Kodera and Masaru Chiba and Hiroshi Koide and Akio Kitoh and Yoshinobu Nikaidou},
        journal = jmsj,
        pages = {365-382},
        title = {Interannual Variability of the Winter Stratosphere and Troposphere in the Northern Hemisphere},
        volume = {74},
        year = {1996}
}

@ARTICLE{kodera2006,
        author = {Kunihiko Kodera},
        journal = grl,
        pages = {L06804},
        title = {Influence of stratospheric sudden warming on the equatorial troposphere},
        volume = {33},
        year = {2006}
}

@ARTICLE{koderakuroda2000,
        author = {Kunihiko Kodera and Yuhji Kuroda},
        journal = jgr,
        pages = {12351-12359},
        title = {Stratospheric sudden warming and slowly propagating zonal-mean zonal wind anomalies},
        volume = {105},
        year = {2000}
}

@ARTICLE{koderaetal2008,
        author = {Kunihiko Kodera and Hitoshi Mukougawa and Shingo Itoh},
        journal = grl,
        pages = {L16806},
        title = {Tropospheric impact of reflected planetary waves from the stratosphere},
        volume = {35},
        year = {2008}
}

@ARTICLE{koderaetal2011,
        author = {Kunihiko Kodera and Nawo Eguchi and Jae N. Lee and Yuhji Kuroda and Seiji Yukimoto},
        journal = jmsj,
        pages = {283-290},
        title = {Sudden Change in the Tropical Stratosphere and Troposphere during {January} 2009},
        volume = {89},
        doi = {10.2151/jmsj.2011-208},
        year = {2011}
}

@article{Kodera2013,
	author = {Kodera, Kunihiko and Mukougawa, Hitoshi and Fujii, Aki},
	doi = {10.1002/jgrd.50650},
	issn = {2169897X},
	journal = {Journal of Geophysical Research: Atmospheres},
	month = aug,
	number = {15},
	pages = {8333--8345},
	title = {{Influence of the vertical and zonal propagation of stratospheric
		planetary waves on tropospheric blockings}},
	volume = {118},
	year = {2013}
}


@ARTICLE{krugeretal2005,
        author = {Kirstin KrÃ¼ger and Barbara Naujokat and Karin Labitzke},
        journal = jas,
        pages = {603-613},
        title = {The Unusual Midwinter Warming in the Southern Hemipshere Stratosphere 2002: A comparison to Northern Hemisphere Phenomena},
        volume = {62},
        year = {2005}
}

@ARTICLE{kurodakodera1999,
        author = {Yuhji Kuroda and Kunihiko Kodera},
        journal = grl,
        pages = {2375-2378},
        title = {Role of Planetary wAves in the stratosphere-troposphere Coupled Variability in the Northern Hemisphere Winter},
        volume = {26},
        year = {1999}
}

@ARTICLE{kurodakodera2001,
	author = {Kuroda, Yuhji and Kodera, Kunihiko},
	doi = {10.1029/2001JD900226},
	journal = {Journal of Geophysical Research},
	number = {D18},
	pages = {20703--20713},
	title = {Variability of the polar night jet in the Northern and Southern Hemispheres},
	volume = {106},
	year = {2001}
}


@ARTICLE{kuroda2008,
        author = {Yuhji Kuroda},
        journal = jgr,
        pages = {D15110},
        title = {Effect of stratospheric sudden warming and vortex intensification on the tropospheric climate},
        volume = {113},
        year = {2008}
}

@BOOK{labitzke1999,
        author = {Karin Labitzke},
        title = {Die Stratosph{\"a}re - Ph{\"a}nomene, Geschichte, Relevanz},
        publisher = {Springer Verlag},
        address = {Heidelberg, Germany},
        year = {1999}
}

@ARTICLE{labitzkekunze2009,
        author = {K.Labitzke and M. Kunze},
        journal = jgr,
        pages = {D00I02},
        title = {On the remarkable Arctic winter in 2008/2009},
        volume = {114},
        year = {2009}
}

@ARTICLE{labitzkenaujokat2000,
        author = {Karin Labitzke and B. Naujokat},
        journal = {{SPARC} Newsletter},
        pages = {11-14},
        title = {On the remarkable Arctic winter in 2008/2009},
        volume = {15},
        year = {2000}
}

@ARTICLE{labitzkenaujokat2009,
        author = {K.Labitzke and B.Naujokat},
        journal = jgr,
        pages = {D00I02},
        title = {On the remarkable Arctic winter in 2008/2009},
        volume = {114},
        year = {2009}
}

@ARTICLE{limpasuvanetal2004,
        author = {Varavut Limpasuvan and David W.J. Thompson and Dennis L. Hartmann},
        journal = jclim,
        pages = {2584-2596},
        title = {The Life Cycle of the Northern Hemisphere Sudden Stratospheric Warmings},
        volume = {17},
        year = {2004}
}

@ARTICLE{manneyetal2009,
        author = {Gloria L. Manney and Michael J. Schwartz and Kirstin KrÃ¼ger and Michelle L. Santee and Steven Pawson and Jae N. Lee and William H. Daffer and Ryan A. Fuller and Nathaniel J. Livesey},
        journal = grl,
        pages = {L12815},
        title = {Aura Microwave Limb Sounder observations of dynamics ans transport during the record-breaking 2009 Arctic stratospheric major warming},
        volume = {36},
        year = {2009}
}

@ARTICLE{martiusetal2009,
        author = {O. Martius and L.M. Polvani and H.C. Davies},
        journal = grl,
        pages = {L14806},
        title = {Blocking precursors to stratospheric sudden warming events},
        volume = {36},
        doi = {10.1029/2009GL038776},
        year = {2009}
}

@ARTICLE{matthewmanetal2009,
        author = {N.J. Matthewman and J.G. Esler and A.J. Charlton-Perez and L.M. Polvani},
        journal = jclim,
        pages = {1566-1585},
        title = {A new look at stratospheric sudden warmings.  {Part III}: {Polar} Vortex evolution and vertical structure},
        volume = {22},
        year = {2009}
}

@ARTICLE{matsuno1971,
        author = {Taroh Matsuno},
        journal = jas,
        pages = {1479-1494},
        title = {A Dynamical Model of the Stratospheric Sudden Warming},
        volume = {28},
        year = {1971}
}

@ARTICLE{mclandressshepherd2009,
        author = {Charles McLandress and Theodore G. Shepherd},
        journal = jclim,
        pages = {5449-5463},
        title = {Impact of Climate Change on Stratospheric Sudden Warmings as Simulated by the {Canadian Middle Atmosphere Model}},
        volume = {22},
        year = {2009}
}

@ARTICLE{mitchelletal2012,
        author = {Daniel M. Mitchell and Scott M. Osprey and Lesley J. Gray and Neal Butchart and Steven C. Hardiman and Andrew J. Charlton-Perez and Peter Watson},
        journal = jas,
        note = {in press.},
        title = {The Effect of Climate Change on the Variability of the Northern Hemisphere Stratospheric Polar Vortex},
        doi = {10.1175/JAS-D-12-021.1},
        year = {2012}
}

@article{Mitchell2012,
        author = {Mitchell, Daniel M. and Gray, Lesley J. and Anstey, James and Baldwin, Mark P. and Charlton-Perez, Andrew J.},
        doi = {10.1175/JCLI-D-12-00030.1},
        issn = {0894-8755},
        journal = {Journal of Climate},
        month = oct,
        pages = {2668--2682},
        title = {The Influence of Stratospheric Vortex Displacements and Splits on Surface Climate},
        volume = {26},
        year = {2012}
} 


@ARTICLE{nakagawayamazaki2006,
        author = {Ken I. Nakagawa and Koji Yamazaki},
        journal = grl,
        pages = {L04801},
        title = {What kind of stratospheric sudden warming propagates to the troposphere?},
        volume = {33},
        year = {2006}
}

@ARTICLE{naoeshibata2012,
        author = {Hiroaki Naoe and Kiyotaka Shibata},
        journal = jgr,
        pages = {D0312},
        title = {Future changes in the influence of the quasi-biennial oscillation on the northern polar vortex simulated with an MRI chemistry climate model},
        volume = {117},
        year = {2012}
}

@ARTICLE{naujokatetal2002,
        author = {B. Naujokat and K.KrÃ¼ger and K.Matthes and J.Hoffmann and M. Kunze and K.Labitzke},
        journal = sparcnl,
        pages = {11-14},
        title = {The lower arctic stratosphere in winter since 1952},
        volume = {15},
        year = {2000}
}

@ARTICLE{quiroz1986,
	author = {Quiroz, Roderick S},
	JOURNAL = jgr,
	number = {D4},
 	pages = {5277--5285},
	title = {{The Association of Stratospheric Warmings With Tropospheric Blocking}},
	volume = {91},
	year = {1986}
}


@ARTICLE{richteretal2011,
        author = {Jadwiga H. Richter and Katja Matthes and Natalia Calvo and Lesley J. Gray},
        journal = jgr,
        pages = {D20111},
        title = {Influence of the quasi-biennial oscillation and {El Ni\~no-Southern Oscillation} on the frequency of sudden stratospheric warmings },
        volume = {116},
        doi = {10.1029/2011JD015757},
        year = {2011}
}


@ARTICLE{sjobergbirner2011,
        author = {Jeremiah P. Sjoberg and Thomas Birner},
        journal = jas,
        title = {Transient tropospheric forcing of sudden stratospheric warmings},
        note = {submitted.},
        year = {2011}
}


@ARTICLE{thompsonetal2002,
        author = {David W.J. Thompson and Mark P. Baldwin and John M. Wallace},
        journal = jclim,
        pages = {14211428},
        title = {Stratospheric Connection to {Northern Hemisphere} Wintertime Weather: {Implications} for Prediction},
        volume = {15},
        year = {2002}
}

@ARTICLE{tibaldimolteni1990,
	author = {Tibaldi, Stefano and Molteni, Franco},
	journal = {Tellus A},
	pages = {343--365},
	title = {{On the operational predictability of blocking}},
	volume = {42A},
	year = {1990}
}

@article{vanloonlabitzke1987,
	author = {van Loon, H. and Labitzke, K.},
	journal = {Monthly Weather Review},
	pages = {357--369},
	title = {{The Southern Oscillation. Part V: The Anomalies in the Lower Stratosphere of the Northern Hemisphere in Winter and a Comparison with the Quasi-Biennial Oscillation}},
	volume = {115},
	year = {1987}
}

@ARTICLE{woollingsetal2010,
        author = {T. Woollings and A. Charlton-Perez and S. Ineson and A.G. Marshall and G. Masato},
        journal = jgr,
        pages = {D06108},
        title = {Associations between stratospheric variability and tropospheric blocking},
        volume = {115},
        year = {2010}
}

@ARTICLE{yoshidayamazaki2011,
        author = {K.Yoshida and K.Yamazaki},
        journal = acp,
        pages = {6325-6336},
        title = {Tropical cooling in the case of stratospheric sudden warming in January 2009: focus on the tropical tropopause layer},
        volume = {11},
        year = {2011}
}

@ARTICLE{yuanetal2012,
        author = {Tao Yuan and B. Thurairajah and C.-Y. She and A. Chandran and R.L. Collins and D.A. Krueger},
        journal = jgr,
        pages = {D09114},
        title = {Wind and temperature response of midlatitude mesopause region to the 2009 {Sudden Stratospheric Warming}},
        volume = {117},
        doi = {10.1029/2011JD017142},
        year = {2012}
}

@article{Huntley2009,
	author = {Huntley, Helga S. and Hakim, Gregory J.},
	doi = {10.1007/s00382-009-0714-5},
	issn = {0930-7575},
	journal = {Climate Dynamics},
	month = dec,
	number = {6},
	pages = {995--1009},
	title = {{Assimilation of time-averaged observations in a quasi-geostrophic atmospheric jet model}},
	url = {http://link.springer.com/10.1007/s00382-009-0714-5},
	volume = {35},
	year = {2009}
}

@article{Murphy1988,
	author = {Murphy, J.M.},
	journal = {Quarterly Journal of the Royal Meteorological Society},
	pages = {463--493},
	title = {{The impact of ensemble forecasts on predictability}},
	volume = {114},
	year = {1988}
}

@article{Pedatella2014
	author = {Pedatella, N. M. and Raeder, K. and Anderson, J. L. and Liu, H.-L.},
	title = {Ensemble Data Assimilation in the Whole Atmosphere Community Climate Model},
	journal = {Journal of Geophysical Research: Atmospheres},
	issn = {2169-8996},
	url = {http://dx.doi.org/10.1002/2014JD021776},
	doi = {10.1002/2014JD021776},
	pages = {in press.},
	keywords = {Data Assimilation, Mesosphere and Lower Thermosphere, Whole Atmosphere Community Climate Model},
	year = {2014},
}

@article{Hamill2001,
	author = {Hamill, Thomas M.},
	doi = {10.1175/1520-0493(2001)129<0550:IORHFV>2.0.CO;2},
	issn = {0027-0644},
	journal = {Monthly Weather Review},
	month = mar,
	number = {3},
	pages = {550--560},
	title = {{Interpretation of Rank Histograms for Verifying Ensemble Forecasts}},
	volume = {129},
	year = {2001}
}
