@inproceedings{Neef2004,
	author = {Neef, Lisa},
	booktitle = {Proceedings, 2004 Program in Geophysical Fluid Dynamics},
	file = {:home/lneef/Dropbox/NATHAN/Reprints/Neef2004.pdf:pdf},
	publisher = {Woods Hole Oceanographic Institution},
	title = {{Triad Resonance as a Mechanism for Internal Wave Dissipation Resonant Triad Model of Weakly Nonlinear Interactions}},
	url = {http://www.whoi.edu/page.do?pid=13015},
	year = {2004}
}




@article{Neef2012,
	author = {Neef, Lisa J. and Matthes, Katja},
	doi = {10.1029/2011JD016555},
	issn = {0148-0227},
	journal = {Journal of Geophysical Research},
	month = jan,
	number = {D2},
	pages = {D02107},
	title = {{Comparison of Earth rotation excitation in data-constrained and unconstrained atmosphere models}},
	url = {http://www.agu.org/pubs/crossref/2012/2011JD016555.shtml},
	volume = {117},
	year = {2012}
}

@article{Neef2009,
author = {Neef, Lisa J. and Polavarapu, Saroja M. and Shepherd, Theodore G.},
doi = {10.1175/2008JAS2585.1},
file = {:home/lneef/.local/share/data/Mendeley Ltd./Mendeley Desktop/Downloaded/Neef, Polavarapu, Shepherd - 2009 - A Low-Order Model Investigation of the Analysis of Gravity Waves in the Ensemble Kalman Filter.pdf:pdf},
issn = {0022-4928},
journal = {Journal of the Atmospheric Sciences},
month = jun,
number = {6},
pages = {1717--1734},
title = {{A Low-Order Model Investigation of the Analysis of Gravity Waves in the Ensemble Kalman Filter}},
url = {http://journals.ametsoc.org/doi/abs/10.1175/2008JAS2585.1},
volume = {66},
year = {2009}
}
@article{Neef2006,
author = {Neef, Lisa J. and Polavarapu, Saroja M. and Shepherd, Theodore G.},
file = {:home/lneef/.local/share/data/Mendeley Ltd./Mendeley Desktop/Downloaded/Neef, Polavarapu, Shepherd - 2006 - Four-Dimensional Data Assimilation and Balanced Dynamics.pdf:pdf},
journal = {Journal of the Atmospheric Sciences},
pages = {1840--1858},
title = {{Four-Dimensional Data Assimilation and Balanced Dynamics}},
volume = {63},
year = {2006}
}

@article{Neef2010,
	author = {Neef, Lisa and van Weele, Michiel and van Velthoven, Peter},
	doi = {10.1029/2009GB003661},
	file = {:home/lneef/.local/share/data/Mendeley Ltd./Mendeley Desktop/Downloaded/Neef, van Weele, van Velthoven - 2010 - Optimal estimation of the present-day global methane budget.pdf:pdf},
	issn = {0886-6236},
	journal = {Global Biogeochemical Cycles},
	month = dec,
	number = {4},
	pages = {1--10},
	title = {{Optimal estimation of the present-day global methane budget}},
	url = {http://www.agu.org/pubs/crossref/2010/2009GB003661.shtml},
	volume = {24},
	year = {2010}
}


@article{Spahni2011,
author = {Spahni, R. and Wania, R. and Neef, L. and van Weele, M. and Pison, I. and Bousquet, P. and Frankenberg, C. and Foster, P. N. and Joos, F. and Prentice, I. C. and van Velthoven, P.},
doi = {10.5194/bg-8-1643-2011},
file = {:home/lneef/.local/share/data/Mendeley Ltd./Mendeley Desktop/Downloaded/Spahni et al. - 2011 - Constraining global methane emissions and uptake by ecosystems.pdf:pdf},
issn = {1726-4189},
journal = {Biogeosciences},
month = jun,
number = {6},
pages = {1643--1665},
title = {{Constraining global methane emissions and uptake by ecosystems}},
url = {http://www.biogeosciences.net/8/1643/2011/},
volume = {8},
year = {2011}
}
@article{Wang2013,
	author = {Wang, Wuke and Matthes, Katja and Schmidt, Torsten and Neef, Lisa},
	doi = {10.1002/2013GL058350},
	file = {:home/lneef/Dropbox/NATHAN/Reprints/wangetal2013.pdf:pdf},
	issn = {00948276},
	journal = {Geophysical Research Letters},
	month = nov,
	pages = {n/a--n/a},
	title = {{Recent variability of the tropical tropopause inversion layer}},
	url = {http://doi.wiley.com/10.1002/2013GL058350},
	year = {2013}
}

@article{Neef2014,
	author = {Neef, Lisa and Walther, Sophia and Matthes, Katja and Kodera, Kunihiko},
	file = {:home/lneef/Dropbox/NATHAN/Reprints/neefetal2014submitted.pdf:pdf},
	journal = {Journal of Geophysical Research},
	pages = {submitted.},
	title = {{Observations of Stratospheric Sudden Warmings in Earth Rotation Variations}},
	year = {2014}
}
