% bibliography file for my work for NATHAN.
%
% Journals names (abbreviated)
%
% last update, 21 april 09



@string{acpd = "Atmos. Chem. Phys. Discuss."}
@string{acp = "Atmos. Chem. Phys."}
@string{ae = "Atmos. Env."}
@string{amm = "App.  Math. Mod."}
@string{bams = "Bull. Am. Met. Soc."}
@string{eos = "Eos, Trans."}
@string{grl = "Geophys. Res. Lett."}
@string{gji = "Geophys. J. Int."}
@string{jam = "J. Applied Met."}
@string{jas = "J. Atmos. Sci."}
@string{jasa = "J. Acoust. Soc. Am."}
@string{jcam = "J. Clim. App. Met."}
@string{jclim = "J. Clim."}
@string{jd = "J. Geod."}
@string{jfm = "J. Fluid Mech."}
@string{jgr = "J. Geophys. Res."}
@string{jg = "J. Geodyn."}
@string{jgeod = "J. Geodesy."}
@string{jmsj = "J. Met. Soc. Japan"}
@string{jpamg = "J. Phys. A. Math. Gen."}
@string{jpo = "J. Phys. Ocean."}
@string{mwr = "Mon. Wea. Rev."}
@string{mtsj = "Mar. Tech. Soc. J."}
@string{nat = "Nature"}
@string{om = "Ocean Mod."}
@string{philtran = "Phil. Trans. Roy. Soc. London"}
@string{pf = "Phys. Fluids"}
@string{pfa = "Phys. Fluids A"}
@string{prl = "Phys. Rev. Lett."}
@string{pre = "Phys. Rev. E"}
@string{prsl = "Proc. Roy. Soc. London"}
@string{quart = "Quart. J. Roy. Meteorol. Soc."}
@string{rsta = "Phil. Trans R. Soc."}
@string{rg = "Rev. Geophys."}


@ARTICLE{anderson2001,
        AUTHOR = "Jeffrey L. Anderson",
        TITLE = "An ensemble adjustment filter for data assimilation",
        JOURNAL = mwr,
        PAGES = {2884-2903},
        VOLUME = {129},
        YEAR = 2001,
                }

@ARTICLE{andersoncollins2007,
        author = {Jeffrey L. Anderson and Nancy Collins},
        journal = jaot,
        pages = {1452-1463},
        title = {Scalable Implementations of Ensemble Filter Algorithms for Data Assimilation},
        volume = {24},
        year = {2007}
}

@ARTICLE{andersonetal2009,
        author = {Jeffrey Anderson and Tim Hoar and Kevin Raeder and Hui Lui and Nancy Collins and Ryan Torn and Avelino Avellano},
        journal = bams,
        pages = {1283-1296},
        title = {The Data Assimilation Research Testbed: {A} Community Facility},
        doi = {10.1175/2009BAMS2816.1},
        year = {2009}
}

@ARTICLE{burgerstetal1998,
        AUTHOR = "Gerrit Burgers and Peter Jan van Leeuwen and Geir Evensen",
        TITLE = "Analysis scheme in the ensemble {K}alman filter",
        JOURNAL = mwr,
        PAGES = {1719-1724},
        VOLUME = {126},
        YEAR = 1998,
                }

@ARTICLE{dirrenhakim2005,
        AUTHOR = {S{\'e}bastien Dirren and Gregory J. Hakim},
        TITLE = {Toward the assimilation of time-averaged observations},
        JOURNAL = {grl},
        PAGES = {L04804},
        VOLUME = {32},
        YEAR = {2005},
        DOI = {10.1029/2004GL021444},
                }

@ARTICLE{evensen1997,
        AUTHOR = "Geir Evensen",
        TITLE = "Advanced data assimilation for strongly nonlinear dynamics",
        JOURNAL = mwr,
        PAGES = {1342-1354},
        VOLUME = {125},
        YEAR = 1997,
                }

@ARTICLE{evensen2003,
        AUTHOR = "Geir Evensen",
        TITLE = "The ensemble {K}alman filter: theoretical formulation and practical implementation",
        JOURNAL = "Ocean Dynamics",
        PAGES = {343-367},
        VOLUME = {53},
        YEAR = 2003,
                }

@ARTICLE{errico1997,
        AUTHOR = "Ronald M. Errico",
        TITLE = "What Is an Adjoint Model?",
        JOURNAL = bams,
        PAGES = {2577-2591},
        VOLUME = {78},
        YEAR = 1997,
                }

@ARTICLE{gustaffson2007,
        AUTHOR = {Nils Gustafsson},
        TITLE = {Discussion on '{4D-Var or EnKF}'},
        JOURNAL = "Tellus",
        PAGES = {774-777},
        VOLUME = {59A},
        YEAR = 2007,
                }

@ARTICLE{hamill2001,
        AUTHOR = {Thomas M. Hamill},
        TITLE = {Interpretation of Rank Histograms for Verifying Ensemble Forecasts},
        JOURNAL = {mwr},
        PAGES = {550-560},
        VOLUME = {129},
        YEAR = {2001},
                }

@article{houtekamermitchell1998,
	author = {Houtekamer, P.L. and Mitchell, Herschel L.},
	journal = {Monthly Weather Review},
	number = {1969},
	pages = {796--811},
	title = {{Data Assimilation Using an Ensemble Kalman Filter Technique}},
	volume = {126},
	year = {1998}
}


@ARTICLE{kalnayetal2007,
        author = {Eugenia Kalnay and Hong Li and Takemasa Miyoshi and Shu-Chih Yang and Joaquim Ballabrera-Poy},
        journal = {"Tellus"},
        pages = {758-773},
        title = {4-{D-Var} or ensemble {K}alman filter?},
        volume = {59A},
        year = {2007}
}

@ARTICLE{kalnayyang2010,
        author = {Eugenia Kalnay and Shu-Chih Yang},
        journal = {qjrms},
        pages = {1644-1651},
        title = {Accelerating the spin-up of {E}nsemble {K}alman {F}iltering},
        volume = {136},
        year = {2010},
	doi = {10.1002/qj.652},
}

@BOOK{kalnay2002,
        AUTHOR = {Eugenia Kalnay},
        TITLE = {Atmospheric Modeling, Data Assimilation and Predictability},
        PAGES = {364},
	PUBLISHER = {Cambridge University Press},
        YEAR = 2002,
                }

@BOOK{lahozetal2010,
        EDITOR = {William Lahoz and Boris Khattatov and Richard M{\'e}nard},
        TITLE = {Data Assimilation: Making Sense of Observations},
        PAGES = {732},
	PUBLISHER = {Springer},
	ADDRESS = {Berlin},
        YEAR = 2010,
                }

@ARTICLE{liuetal2008,
        author = {J. Liu and E.J. Fertig and H. Li and E. Kalnay and B.R. Hunt and E.J. Kostelich and I. Szunyogh and R. Todling},
        journal = npg,
        pages = {645-659},
        title = {Comparison between {L}ocal {E}nsemble {T}ransport {K}alman {F}ilter and {PSAS} in the {NASA} finite volume {GCM} - perfect model experiments},
        volume = {15},
        year = {2008}
}

@ARTICLE{milleretal1994,
        author = {R.N. Miller and M. Ghil and F. Gauthiez},
        journal = jas,
        pages = {1037-1056},
        title = {Advanced data assimilation in strongly nonlinear dynamical systems},
        volume = {51},
        number = {8},
        year = {1994}
}

@ARTICLE{mitchellgottwald2011,
        author = {Lewis Mitchell and Georg A. Gottwald},
        journal = jas,
        note = {in press.},
        title = {Data assimilation in slow-fast systems using homogenized climate models},
        year = {2011}
}

@ARTICLE{neefetal2006,
        author = {Lisa J. Neef and Saroja M. Polavarapu and Theodore G. Shepherd},
        journal = jas,
        pages = {1840-1858},
        title = {Four-dimensional data assimilation and balanced dynamics},
        volume = {63},
        number = {7},
        year = {2006}
}

@ARTICLE{neefetal2009,
        author = {Lisa J. Neef and Saroja M. Polavarapu and Theodore G. Shepherd},
        journal = jas,
        pages = {1717-1734},
        title = {A low-order model investigation of the analysis of gravity waves in the ensemble {K}alman filter},
        volume = {66},
        number = {6},
        year = {2009}
}

@PHDTHESIS{neefthesis,
        author = {Lisa J. Neef},
        title = {Balance Dynamics and Gravity Waves in Four-Dimensional Data Assimilation},
        school = {University of Toronto},
	type = {Ph.D. Thesis},
	address = {Toronto, Ontario, Canada},
        year = {2007}
}

@ARTICLE{pham2001,
        AUTHOR = "Dinh Tuan Pham",
        TITLE = "Stochastic methods for sequential data assimilation in strongly nonlinear systems",
        JOURNAL = mwr,
        VOLUME = {129},
        PAGES = {1194-1207},
        YEAR = 2001,
                }

@ARTICLE{pincusetal2010,
        author = {Robert Pincus and Robert J. Patrick Hofmann and Jeffrey L. Anderson and Kevin Raeder and Nancy Collins and Jeffrey S. Whitaker},
        journal = mwr,
        pages = {"in press"},
        title = {Can fully accounting for clouds in data assimilation improve short-term forecasts by global models?},
        volume = {},
        number = {},
        year = {2010}
}

@ARTICLE{thomasetal2009,
        author = {S.J. Thomas and J.P. Hacker and J.L. Anderson},
        journal = qjrms,
        pages = {507-521},
        title = {A robust formulation of the ensemble {K}alman filter},
        year = {2009}
}

@ARTICLE{tippettetal2003,
        AUTHOR = "Michael K. Tippett and Jeffrey L. Anderson and Craig H. Bishop and Thomas M. Hamill and Jeffrey S. Whitaker",
        TITLE = "Ensemble Square Root Filters",
        JOURNAL = mwr,
        VOLUME = {131},
        PAGES = {1485-1490},
        YEAR = 2003,
                }

@ARTICLE{uppalaetal2005,
        author = "S M Uppala and P Kallberg and A Simmons and U Andrae and V Bechtold and M Fiorino and J Gibson and J Haseler and A Hernandez and G Kelly and X Li and K Onogi and S Saarinen and N Sokka and R Allan and E Andersson and K Arpe and M Balmaseda and ACM Beljaars and L Van De Berg",
        title = {The {ERA}-40 re-analysis},
        journal =       qjrms,
        year =  {2005},
        volume =        {131},
        number =        {612},
        pages = {2961-3012},
        doi = {10.1256/qj.04.176},
}

@ARTICLE{vanleeuwen2009,
        author = {Peter Jan van Leeuwen},
        journal = mwr,
        pages = {4089-4114},
        title = {Particle Filtering in Geophysical Systems},
        volume = {137},
        year = {2009}
}

@ARTICLE{whitakerhamill2002,
        author = {Jeffrey S. Whitaker and Thomas M. Hamill},
        journal = mwr,
        pages = {1913-1924},
        title = {Ensemble Data Assimilation without Perturbed Observations},
        volume = {130},
        year = {2002}
}

@ARTICLE{whitakerhamill2012,
        author = {Jeffrey S. Whitaker and Thomas M. Hamill},
        journal = mwr,
        title = {Evaluating methods to account for system errors in ensemble data assimilation},
        note = {in press.},
        year = {2012}
}

@ARTICLE{zagaretal2011,
        author = {N. \v{Za}gar and J. Tribbia and J.L. Anderson and K. Raeder},
        journal = mwr,
        pages = {``in press''},
        title = {Balance of the background-error variances in the ensemble assimilation system {DART}/{CAM}},
        doi = {10.1175/2011MWR3477.1},
        year = {2011}
}




